2684 3867
693 195 793 244 DE
837 194 1099 245 RERUM
1149 194 1462 246 NATURA
1507 196 1728 246 LIBER
1775 197 1877 246 111.
1931 228 1949 246 0
2240 201 2275 264 3

295 342 370 399 Et
411 339 604 416 nigras
645 350 908 399 mactant
951 341 1211 415 pecudes
1253 351 1313 400 et
1356 338 1617 407 manibu'
1658 340 1810 401 divis

294 438 540 496 Inferias
579 437 838 507 mittunt,
882 437 1190 511 multoque
1231 435 1293 494 in
1336 438 1514 496 rebus
1554 438 1783 496 acerbis

293 533 500 591 Acrius
542 532 854 591 advertunt
893 530 1128 599 animos
1170 534 1247 591 ad
1290 531 1654 608 religionem.

293 632 430 705 Quo
471 628 655 705 magis
696 628 760 686 in
799 626 994 687 dubiis
1036 627 1340 688 hominem
1384 639 1650 705 spectare
1692 628 1924 706 periclis
2200 650 2271 708 55

294 726 591 786 Convenit
631 724 1011 800 adversisque
1051 725 1114 784 in
1155 726 1330 785 rebus
1375 745 1621 786 noscere
1663 727 1765 803 qui
1808 726 1919 800 sit3

293 824 450 881 Nam
491 841 663 881 verae
702 812 878 881 voces
921 834 1048 881 tum
1092 822 1336 881 demum
1380 833 1624 899 pectore
1662 822 1739 881 ab
1782 821 1904 881 imo

294 917 638 990 Eliciuntur,
681 928 740 977 et
783 917 1023 994 eripitur
1063 937 1334 995 persona,
1381 929 1581 977 manet
1620 937 1730 977 res,

293 1014 570 1091 Denique
609 1013 878 1074 avarities
920 1025 980 1075 et
1020 1016 1314 1075 honorum
1357 1034 1537 1075 caeca
1578 1014 1816 1091 cupid0,

293 1114 462 1189 Quae
504 1111 749 1172 miseros
789 1113 1061 1171 homiues
1104 1122 1324 1189 cogunt
1366 1112 1785 1171 transcendere
1826 1112 1973 1171 fines
2200 1116 2276 1171 60

294 1210 461 1284 IuriS,
505 1221 565 1270 et
605 1210 904 1269 interdum
946 1208 1140 1283 socios
1182 1210 1471 1269 scelerum
1512 1220 1692 1285 atque
1734 1207 2027 1267 ministros

293 1310 518 1367 Noctes
558 1319 738 1384 atque
779 1305 908 1366 dies
948 1305 1057 1365 niti
1097 1316 1435 1382 praestante
1478 1306 1681 1365 labore

291 1407 388 1465 Ad
429 1424 689 1465 summas
731 1422 1028 1481 emergere
1069 1421 1237 1480 opeS,
1280 1404 1431 1462 haec
1471 1404 1712 1462 vulnera
1752 1401 1907 1461 vitae

294 1505 435 1563 Non
476 1499 782 1560 minimam
823 1510 1054 1576 partem
1096 1497 1300 1559 mortis
1343 1498 1658 1559 formidine
1699 1500 1949 1558 aluntur.

291 1598 506 1675 Turpis
547 1595 708 1656 enim
749 1596 934 1655 ferme
974 1606 1355 1672 contemptus
1398 1606 1455 1655 et
1496 1594 1646 1655 acris
1688 1605 1916 1671 egestas
2200 1598 2273 1669 65

291 1695 534 1753 Sernota
572 1693 650 1753 ab
692 1691 852 1753 dulci
892 1691 1013 1752 vita
1052 1692 1368 1769 stabilique
1409 1691 1686 1753 videntur

294 1795 371 1851 Et
411 1791 578 1868 quasi
618 1790 734 1851 iam
779 1790 882 1852 leti
922 1802 1124 1867 portas
1165 1788 1493 1850 cunctarier
1532 1800 1711 1864 ante3

293 1889 476 1949 Unde
516 1888 788 1947 homines
829 1889 974 1947 dum
1016 1905 1079 1947 se
1121 1887 1272 1945 falso
1315 1897 1530 1947 terrore
1571 1886 1765 1946 coacti

294 1984 580 2062 Effugisse
620 1987 830 2044 volunt
869 1985 1049 2059 longe
1090 1984 1386 2059 longeque
1427 2001 1707 2054 remosse,

292 2081 590 2159 Sanguine
632 2080 786 2141 civili
826 2100 950 2140 rem
993 2080 1256 2139 conflant
1297 2078 1655 2156 divitiasque
2203 2096 2280 2153 70

293 2176 736 2253 Conduplicant
777 2175 950 2249 avidi,
995 2176 1240 2234 caedem
1284 2175 1471 2234 caede
1512 2176 1991 2248 accumulantes3

294 2275 580 2335 Crudeles
620 2274 882 2351 gaudent
924 2272 986 2331 in
1029 2270 1178 2331 tristi
1218 2272 1424 2331 funere
1464 2270 1653 2330 fratris

295 2373 374 2430 Et
415 2370 920 2447 consanguineum
964 2387 1198 2428 mensas
1239 2368 1420 2428 odere
1459 2367 1805 2445 timentque.

296 2466 605 2527 Consimili
647 2466 875 2526 ratione
915 2466 993 2525 ab
1036 2466 1251 2525 eodem
1295 2484 1475 2541 saepe
1517 2464 1727 2525 timore

296 2564 561 2622 Macerat
599 2561 838 2621 invidia.
923 2565 1084 2621 Ante
1125 2562 1330 2621 oculos
1374 2561 1539 2620 illum
1582 2580 1712 2622 esse
1752 2572 2081 2639 potentem,
2205 2578 2274 2637 75

296 2660 477 2718 Illum
517 2658 821 2736 aspectari,
866 2660 1026 2719 claro
1068 2657 1171 2735 qui
1211 2657 1434 2718 incedit
1475 2660 1717 2732 honore,

297 2756 422 2832 Ipsi
464 2775 528 2816 se
568 2754 630 2815 in
671 2754 930 2816 tenebris
971 2754 1128 2815 volvi
1169 2774 1481 2833 caenoque
1522 2769 1857 2832 queruntur.

297 2852 604 2911 Intereunt
643 2853 858 2927 partim
899 2862 1222 2911 statuarum
1268 2864 1328 2911 et
1371 2851 1628 2912 nominis
1670 2872 1824 2930 ergo,

295 2947 376 3005 Et
416 2964 594 3023 saepe
634 2964 822 3022 usque
864 2947 1036 3019 ade0‚
1080 2946 1286 3007 mortis
1325 2948 1657 3022 formidine,
1701 2950 1856 3009 vitae

299 3041 559 3116 Percipit
600 3043 892 3102 humanos
934 3042 1142 3103 odium
1182 3042 1450 3121 lucisque
1490 3045 1802 3117 videndae,
2206 3048 2282 3104 80

295 3139 384 3199 Ut
425 3137 536 3198 sibi
577 3137 948 3199 consciscant
990 3140 1275 3200 maerenti
1316 3153 1559 3217 pectore
1599 3144 1799 3215 letum,

394 3292 457 3355 58
523 3291 801 3351 Eliciuntur
837 3294 995 3342 MSS.
1013 3314 1030 3343 .·
1068 3293 1330 3344 Eiciuntur
1366 3296 1440 3343 M
1693 3296 1842 3360 After
1878 3298 1938 3345 82
1976 3298 2050 3345 M
2070 3304 2287 3361 supposes

295 3388 329 3422 a
363 3388 496 3423 verse
531 3380 580 3424 to
615 3374 670 3423 be
701 3374 804 3435 lost,
847 3374 967 3423 such
1003 3390 1061 3423 as
1091 3375 1192 3438 Qui
1227 3375 1435 3430 miseros
1472 3375 1699 3427 homines
1734 3393 1917 3442 cogens
1948 3380 2109 3427 scelus
2138 3392 2287 3426 omne

297 3463 494 3521 patrare

1973 3556 2121 3601 1—2
