2684 3867
698 200 798 250 DE
842 200 1107 251 RERUM
1157 200 1473 252 NATURA
1518 200 1738 251 LIBER
1786 201 1889 251 111.
2206 204 2281 250 21

301 348 380 407 Et
420 346 668 407 discissa
708 346 884 406 simul
926 365 1063 407 cum
1104 366 1354 424 corpore
1396 347 1740 410 dissicietur.

295 447 379 502 At
422 446 588 519 quod
629 442 917 503 scinditur
957 454 1017 503 et
1058 444 1239 522 partis
1281 444 1537 505 discedit
1576 445 1638 505 in
1682 446 1847 519 ullaS‚
2171 448 2287 519 640

296 539 532 600 Scilicet
571 551 869 600 aeternam
913 538 1025 599 sibi
1067 551 1336 600 naturam
1385 541 1594 601 abnuit
1637 562 1781 603 esse.

298 639 345 696 F
347 636 613 697 alciferos
655 648 986 697 memorant
1029 656 1231 697 currus
1273 638 1582 699 abscidere
1623 640 1887 700 membra

297 734 485 809 Saepe
527 732 610 792 ita
649 733 726 794 de
767 732 981 807 subit0‚
1028 734 1316 811 permixta
1358 736 1542 796 caede
1584 736 1845 811 calentiS,

300 831 386 889 Ut
427 841 674 889 tremere
717 828 778 888 in
821 841 972 889 terra
1012 829 1279 890 videatur
1320 832 1397 891 ab
1440 833 1685 891 artubus
1728 832 1792 891 id
1834 833 1999 907 quod

299 924 539 985 Decidit
565 924 878 1000 abscisum,
909 946 1046 987 cum
1075 947 1245 987 mens
1274 938 1475 988 tamen
1503 940 1681 1005 atque
1709 928 1968 988 hominis
1999 929 2085 989 vis
2168 934 2279 1008 645

300 1022 638 1084 Mobilitate
680 1023 818 1085 mali
860 1043 984 1084 non
1027 1024 1152 1101 quit
1195 1025 1412 1084 sentire
1454 1026 1723 1085 dolorem
1741 1045 1759 1098 ;

298 1122 375 1179 Et
417 1122 602 1181 semel
641 1120 704 1179 in
745 1139 978 1198 pugnae
1020 1122 1218 1181 studio
1261 1122 1427 1197 quod
1469 1121 1671 1182 dedita
1711 1142 1879 1182 mens
1920 1133 2026 1197 est,

297 1218 563 1294 Corpore
603 1217 843 1277 rellicuo
886 1236 1145 1295 pugnam
1188 1220 1524 1294 caedesque
1565 1217 1824 1295 petessit,

297 1316 429 1373 Nec
468 1326 630 1374 tenet
671 1312 948 1373 amissam
990 1315 1222 1373 laevam
1265 1334 1401 1373 cum
1447 1314 1705 1394 tegmine
1748 1335 1927 1391 saepe

297 1413 462 1471 Inter
502 1429 689 1487 equos
731 1412 1002 1471 abstraxe
1043 1422 1201 1471 rotas
1242 1412 1543 1489 falcesque
1585 1431 1849 1489 rapaceS,
2166 1416 2282 1489 650

295 1509 426 1567 Nec
467 1507 752 1568 cecidisse
793 1507 944 1567 alius
985 1508 1272 1581 dextram,
1315 1528 1451 1568 cum
1495 1508 1733 1571 scandit
1770 1524 1830 1571 et
1871 1509 2062 1571 instat.

297 1606 450 1664 Inde
489 1603 636 1664 alius
677 1616 926 1665 conatur
967 1605 1251 1681 adempto
1291 1625 1525 1683 surgere
1566 1626 1752 1680 crure,

295 1702 451 1761 Cum
494 1701 708 1780 digitos
749 1700 932 1779 agitat
971 1713 1214 1779 propter
1254 1702 1642 1764 moribundus
1684 1705 1850 1765 humi
1892 1724 2012 1781 pes·

295 1800 372 1857 Et
412 1809 608 1875 caput,
653 1798 1187 1860 abscisum-calido
1229 1800 1583 1877 viventeque
1626 1812 1853 1875 trunc0,

292 1898 493 1955 Servat
533 1895 700 1955 humi
741 1898 967 1955 voltum
1011 1894 1248 1955 vitalem
1291 1899 1613 1973 oculosque
1658 1898 1933 1975 patentis,
2160 1900 2230 1975 65
2241 1917 2271 1976 5

296 1995 510 2052 Donec
551 1992 849 2069 relliquias
891 1992 1109 2052 animm
1153 1992 1414 2053 reddidit
1455 2014 1680 2054 omnes·

293 2091 456 2165 Quin
500 2088 674 2149 etiam
720 2089 827 2151 tibi
869 2090 919 2151 si
960 2090 1160 2168 lingua
1201 2090 1489 2164 vibrante,
1532 2090 1775 2151 micanti

291 2186 592 2262 Serpentis
634 2187 840 2259 cauda,
886 2205 1132 2262 procero
1175 2206 1442 2263 corpore,
1490 2200 1759 2248 truncum

291 2284 377 2343 Sit
417 2282 650 2342 libitum
692 2281 752 2342 in
797 2286 1010 2343 multas
1049 2282 1230 2361 partis
1271 2283 1562 2345 discidere
1603 2286 1772 2358 ferr0,

291 2378 511 2442 Omnia
551 2379 668 2439 iam
709 2399 936 2440 sorsum
977 2400 1184 2441 cernes
1225 2382 1428 2441 ancisa
1468 2383 1692 2443 recenti
2158 2388 2275 2443 660

291 2478 550 2536 Volnere
593 2476 792 2535 tortari
836 2486 895 2536 et
938 2487 1151 2537 terram
1195 2496 1583 2555 conspargere
1627 2481 1787 2551 tabe,

292 2576 496 2649 Ipsam
540 2591 720 2649 seque
761 2584 913 2633 retro
955 2586 1183 2650 partem
1226 2586 1428 2651 petere
1470 2594 1573 2635 ore
1614 2575 1885 2654 priorem,

287 2668 563 2729 Volneris
604 2670 834 2729 ardenti
876 2680 942 2729 ut
983 2690 1184 2731 morsu
1225 2684 1454 2749 premat
1494 2672 1612 2732 icta
1651 2673 1934 2734 dolorem.

291 2763 588 2824 Omnibus
630 2782 758 2823 esse
799 2764 971 2841 igitur
1014 2776 1167 2825 totas
1211 2767 1478 2827 dicemus
1518 2767 1581 2826 in
1622 2766 1737 2827 illis

290 2859 595 2920 Particulis
636 2860 907 2920 animas?
946 2874 1008 2922 at
1050 2882 1123 2923 ea
1165 2864 1395 2925 ratione
1438 2876 1716 2941 sequetur
2157 2870 2269 2943 665

291 2960 491 3019 Unam
534 2957 898 3018 animantem
940 2960 1167 3021 animas
1210 2963 1485 3023 habuisse
1528 2964 1588 3023 in
1632 2982 1879 3040 corpore
1922 2964 2148 3023 multas.

289 3057 446 3131 Ergo
488 3054 731 3115 divisast
771 3075 842 3116 ea
882 3077 1037 3134 quae
1078 3060 1186 3119 fuit
1228 3079 1345 3119 una
1388 3060 1563 3119 simul
1607 3080 1741 3119 cum

289 3152 552 3229 Corpore
574 3172 591 3223 3
636 3164 992 3230 quapropter
1035 3158 1281 3216 mortale
1323 3168 1637 3233 utrumque
1680 3158 2083 3234 putandumst,

385 3306 481 3369 658
546 3323 575 3358 e
610 3240 919 3374 ἐῐὸοῖῐὸνλῦ
1021 3278 1030 3283 -
1141 3320 1368 3360 truncum
1404 3314 1675 3362 Gaussam':
1706 3321 1968 3377 utrumque
2001 3315 2175 3369 Mss„
2210 3316 2277 3363 M

285 3390 434 3451 Afier
464 3387 562 3451 658
591 3391 660 3438 M
683 3398 904 3453 supposes
932 3406 964 3437 a
991 3405 1126 3439 verse
1153 3398 1200 3439 to
1227 3392 1280 3439 be
1305 3392 1410 3449 lost,
1440 3393 1559 3441 such
1590 3409 1647 3441 as
1676 3393 1741 3442 Et
1772 3394 1979 3442 caudam
2010 3402 2060 3443 et
2089 3394 2271 3442 molem

284 3469 438 3519 totius
459 3469 678 3534 corporis
701 3485 916 3528 omnem,
