2684 3867
703 186 802 236 DE
851 188 1116 241 RERUM
1165 189 1480 241 NATURA
1527 190 1749 241 LIBER
1797 192 1899 241 111.
2210 192 2285 259 35

297 334 496 409 Atque
538 332 722 393 animi
763 334 991 395 incerto
1033 334 1269 395 fluitans
1312 356 1507 397 errore
1546 336 1811 412 vagaris!

374 430 434 490 Si
476 442 719 506 possent
760 431 1050 507 homineS,
1095 432 1347 509 proinde
1389 454 1459 493 ac
1503 432 1719 493 sentire
1758 431 2035 493 videntur

296 529 538 587 Pondus
578 527 772 588 inesse
813 531 1017 589 animo
1059 532 1224 606 quod
1268 551 1330 590 se
1373 531 1655 607 gravitate
1697 532 1920 608 fatiget,

295 628 346 685 E
389 626 602 702 quibus
643 626 704 686 id
746 628 849 686 fiat
891 626 1083 687 causis
1127 646 1371 704 quoque
1414 647 1661 688 noscere
1704 640 1763 689 et
1806 629 1969 689 unde
2137 648 2285 707 1055

293 726 489 783 Tanta
531 724 674 783 mali
716 734 1021 799 tamquam
1066 727 1253 785 moles
1296 725 1357 785 in
1401 738 1644 801 pectore
1687 735 1940 795 constet,
2029 785 2040 795 ,

297 822 482 881 Haud
527 821 609 881 ita
649 822 828 881 vitam
871 833 1130 899 agerent,
1176 833 1240 882 ut
1282 842 1446 881 nunc
1488 823 1836 898 plerumque
1877 820 2147 881 videmus

296 917 460 992 Quid
503 917 614 977 sibi
658 918 908 995 quisque
950 917 1091 978 velit
1132 918 1377 991 nescire,
1422 930 1481 978 et
1524 937 1807 995 quaerere
1850 937 2084 993 semper

295 1017 675 1077 Commutare
717 1018 915 1076 locum
959 1015 1129 1093 quasi
1170 1035 1324 1075 onus
1368 1017 1673 1091 deponere
1714 1014 1921 1092 possit.

295 1111 433 1172 Exit
474 1132 652 1189 saepe
694 1115 850 1174 foras
891 1114 1120 1192 magnis
1163 1133 1236 1174 ex
1278 1113 1527 1174 aedibus
1569 1112 1686 1184 ille,
2022 1116 2029 1123 '
2136 1108 2290 1174 1060

295 1213 442 1270 Esse
484 1211 649 1271 domi
691 1230 868 1287 quem
911 1222 1322 1288 pertaesumst,
1369 1208 1685 1286 subitoque
1728 1208 1979 1281 revertit,

294 1307 538 1386 Quippe
577 1308 717 1368 foris
758 1309 882 1368 nilo
926 1309 1136 1369 melius
1179 1308 1279 1385 qui
1323 1307 1537 1369 sentiat
1579 1328 1723 1368 esse.

295 1404 490 1467 Currit
530 1426 712 1483 agens
753 1425 1008 1466 mannos
1052 1407 1128 1465 ad
1171 1407 1370 1466 villam
1413 1405 1885 1483 praecipitanter,

294 1502 590 1563 Auxilium
635 1502 806 1563 tectis
849 1502 1016 1581 quasi
1059 1504 1206 1563 ferre
1247 1503 1594 1563 ardentibus
1636 1502 1865 1561 instans
1885 1525 1902 1577 3

293 1600 524 1661 Oscitat
567 1602 880 1677 extemplo,
926 1598 1114 1677 tetigit
1156 1620 1293 1661 cum
1334 1600 1540 1660 limina
1581 1601 1793 1675 villae3
2137 1606 2284 1678 1065

293 1702 413 1758 Aut
454 1697 579 1758 abit
618 1697 680 1757 in
722 1717 997 1757 somnum
1040 1698 1230 1775 gravis
1271 1709 1452 1774 atque
1495 1698 1715 1759 oblivia
1756 1698 2004 1774 quaerit,

291 1797 412 1855 Aut
455 1794 633 1855 etiam
676 1812 998 1870 properans
1041 1796 1248 1853 urbem
1291 1793 1443 1870 petit
1482 1806 1665 1870 atque
1708 1794 1919 1856 revisit.

295 1894 438 1951 Hoc
480 1912 543 1952 se
585 1890 836 1967 quisque
879 1890 1061 1951 modo
1103 1889 1249 1967 fugit
1265 1911 1284 1963 3
1325 1902 1388 1951 at
1429 1910 1607 1967 quem
1652 1891 1894 1964 scilicet,
1941 1904 2004 1952 ut
2043 1893 2126 1965 fit,

296 1991 568 2066 Effugere
610 1989 771 2048 haud
815 1986 972 2063 potis
1014 2000 1122 2061 est,
1167 1986 1410 2065 ingratis
1451 1989 1657 2049 haeret
1699 2000 1759 2049 et
1802 1990 1931 2050 odit

294 2089 630 2161 Propterea,
675 2084 866 2145 morbi
910 2084 1049 2161 quia
1090 2104 1331 2145 causam
1373 2104 1498 2146 non
1541 2097 1705 2146 tenet
1746 2106 1921 2164 aeger
1940 2107 1958 2159 ;
2136 2105 2288 2162 1070

294 2186 491 2260 Quam
534 2184 688 2244 bene
731 2183 778 2243 si
819 2182 1036 2255 videat,
1079 2182 1198 2242 iam
1241 2186 1417 2243 rebus
1458 2184 1711 2261 quisque
1751 2183 1967 2245 relictis

296 2284 579 2341 Naturam
623 2282 876 2357 primum
920 2282 1154 2341 studeat
1196 2300 1555 2358 cognoscere
1599 2301 1811 2354 rerum,

292 2379 609 2455 Temporis
651 2376 873 2438 aeterni
914 2377 1214 2453 quoniam,
1260 2397 1384 2437 non
1427 2377 1597 2437 unius
1641 2380 1837 2451 horae,

292 2475 631 2551 Ambigitur
671 2485 874 2546 status,
920 2474 983 2533 in
1025 2492 1146 2551 quo
1188 2473 1262 2533 sit
1305 2474 1650 2535 mortalibus
1693 2474 1888 2534 omnis

293 2577 494 2643 AetaS,
537 2585 672 2651 post
715 2582 968 2631 mortem
1010 2590 1162 2647 quae
1204 2581 1385 2631 restat
1426 2590 1681 2648 cumque
1724 2574 2037 2631 manenda.
2136 2589 2281 2649 1075

377 2672 652 2747 Denique
695 2681 860 2730 tanto
903 2688 1084 2745 opere
1127 2668 1189 2727 in
1230 2668 1429 2730 dubiis
1474 2669 1768 2745 trepidare
1811 2669 2044 2746 periclis

295 2772 465 2846 Quae
507 2771 662 2828 mala
703 2787 813 2828 nos
855 2765 1070 2844 subigit
1113 2766 1254 2826 vitai
1296 2777 1463 2826 tanta
1503 2765 1775 2843 cupido?

294 2871 472 2932 Certa
513 2866 757 2944 quidem
800 2855 935 2924 finis
976 2864 1132 2924 vitae
1175 2865 1523 2924 mortalibus
1566 2865 1795 2936 adstat„

295 2966 426 3025 Nec
467 2963 711 3024 devitari
754 2964 939 3023 letum
982 2972 1125 3038 pote
1166 2960 1310 3037 quin
1353 2962 1656 3022 obeamus.

295 3066 603 3124 Praeterea
642 3080 940 3121 versamur
981 3058 1206 3120 ibidem
1247 3071 1429 3136 atque
1471 3059 1739 3120 insumus
1778 3078 1984 3136 usque,
2134 3064 2287 3118 1080

295 3162 429 3219 Nec
469 3178 627 3220 nova
664 3158 921 3218 vivendo
962 3158 1307 3233 procuditur
1356 3158 1475 3215 ulla
1515 3159 1800 3233 voluptas·

293 3256 411 3316 Sed
451 3256 592 3316 dum
635 3257 805 3316 abest
848 3254 1010 3330 quod
1053 3273 1313 3328 avemuS,
1358 3252 1422 3314 id
1466 3273 1815 3331 exsuperare
1857 3253 2088 3313 videtur

603 3434 740 3490 1068,
772 3434 893 3499 1069
958 3434 1135 3502 fugitat
1157 3434 1399 3497 Madvig:
1429 3432 1555 3499 fugit
1579 3430 1903 3496 (at—haeret)
1930 3434 2000 3481 M

1969 3548 2124 3606 3-2
