2684 3867
330 196 408 242 10
986 191 1049 240 T.
1096 188 1419 241 LUCRETI
1468 190 1641 239 CARI

328 337 444 408 Vis,
489 336 702 397 initum
746 348 941 397 motus
985 339 1064 398 ab
1106 357 1170 397 se
1212 357 1365 415 quae
1407 337 1619 399 dividit
1660 340 1810 412 ollis,

322 433 574 495 Sensifer
614 435 774 493 unde
816 433 996 494 oritur
1037 434 1289 511 primum
1331 455 1438 513 per
1479 436 1703 497 viscera
1742 425 1957 498 motus,

325 534 480 591 Nam
523 530 757 607 penitus
799 550 1070 608 prorsum
1114 535 1257 593 latet
1300 536 1449 594 haec
1492 544 1699 594 natura
1739 536 2077 612 subestque,

325 630 454 687 Nec
494 627 678 703 magis
719 629 830 687 hac
873 628 1021 689 infra
1062 630 1380 707 quicquam
1425 643 1515 691 est
1557 631 1617 690 in
1662 652 1909 709 corpore
1953 644 2174 703 nostro,
2268 620 2273 625 ¹

322 729 523 803 Atque
563 724 760 785 anima
803 736 892 785 est
932 727 1166 787 animae
1210 748 1494 805 proporro
1536 729 1715 789 totius
1756 729 1898 807 ipsa.
2193 746 2302 804 275

326 824 505 899 Quod
545 843 730 901 genus
773 824 834 883 in
878 825 1090 885 nostris
1134 826 1415 887 membris
1456 839 1515 888 et
1556 847 1801 904 corpore
1844 840 1972 888 toto

327 922 516 982 Mixta
556 924 744 982 latens
781 922 968 981 animi
1008 923 1096 983 vis
1140 935 1228 983 est
1269 924 1622 1001 animaeque
1663 936 1943 1003 potestaS,

324 1017 686 1103 Corporibus
729 1020 865 1095 quia
908 1020 983 1079 de
1026 1020 1217 1097 parvis
1259 1019 1583 1097 paucisque
1625 1031 1889 1093 creatast,

326 1117 422 1177 Sic
461 1116 568 1177 tibi
609 1116 868 1177 nominis
909 1119 1058 1178 haec
1101 1137 1306 1196 expers
1344 1117 1434 1177 vis
1476 1120 1630 1178 facta
1672 1118 1912 1178 minutis

325 1216 686 1292 Corporibus
730 1218 889 1290 latet,
933 1227 1112 1293 atque
1153 1216 1389 1277 animae
1430 1215 1596 1292 quasi
1640 1216 1818 1277 totius
1860 1216 1991 1293 ipsa
2198 1220 2312 1275 280

329 1316 672 1390 Proporrost
712 1313 912 1373 anima
953 1326 1013 1373 et
1057 1313 1398 1373 dominatur
1436 1332 1679 1388 corpore
1723 1323 1865 1374 toto,

328 1410 638 1474 Consimili
678 1410 904 1471 ratione
946 1420 1248 1470 necessest
1289 1421 1503 1470 ventus
1545 1422 1603 1469 et
1645 1430 1744 1470 aer

331 1511 407 1567 Et
449 1509 609 1567 calor
647 1505 800 1568 inter
840 1528 904 1567 se
946 1507 1180 1584 vigeant
1223 1507 1545 1568 commixta
1592 1528 1699 1584 per
1738 1518 1913 1582 artuS,

329 1608 524 1679 Atque
564 1604 692 1664 aliis
733 1604 895 1664 aliud
937 1603 1124 1665 subsit
1167 1603 1352 1683 magis
1394 1607 1787 1681 emineatque,

331 1704 417 1763 Ut
458 1701 743 1777 quiddam
785 1701 910 1761 fieri
951 1701 1221 1762 videatur
1259 1704 1336 1762 ab
1381 1703 1658 1763 omnibus
1699 1723 1905 1774 unum,
2201 1707 2310 1778 285

331 1797 411 1856 Ni
451 1800 612 1857 calor
651 1818 723 1857 ac
764 1809 974 1858 ventus
1019 1818 1283 1858 seorsum
1326 1817 1713 1875 seorsumque
1755 1810 2019 1875 potestas

328 1890 496 1950 Aeris
541 1892 894 1951 interemant
936 1910 1173 1951 sensum
1217 1891 1582 1969 diductaque
1626 1895 1871 1952 solvant.

412 1991 518 2047 Est
560 1987 737 2049 etiam
769 1992 943 2049 calor
981 1989 1079 2049 ille
1122 1988 1342 2061 animo,
1387 2010 1564 2067 quem
1610 1991 1805 2064 sumit,
1849 1990 1911 2050 in
1954 1990 2039 2049 ira

331 2088 486 2148 Cum
529 2087 812 2159 fervescit,
855 2098 914 2146 et
959 2106 1031 2146 ex
1073 2087 1259 2147 oculis
1302 2088 1481 2147 micat
1524 2089 1755 2148 acribus
1798 2090 1985 2149 ardor.

334 2188 441 2244 Est
481 2196 540 2245 et
581 2183 788 2263 frigida
830 2187 1030 2258 multa,
1077 2205 1278 2246 comes
1320 2186 1666 2258 formidiniS,
1710 2207 1867 2258 aura,
2206 2207 2319 2263 290

333 2285 502 2359 Quae
544 2282 659 2342 ciet
700 2285 998 2343 horrorem
1044 2283 1322 2343 membris
1365 2296 1424 2345 et
1466 2284 1725 2345 concitat
1767 2296 1941 2345 artus,

334 2384 441 2440 Est
483 2378 659 2439 etiam
702 2400 943 2457 quoque
985 2381 1179 2457 pacati
1223 2392 1410 2441 status
1451 2382 1601 2443 aeris
1644 2382 1758 2454 ille,

331 2480 576 2537 Pectore
619 2476 935 2554 tranquillo
977 2476 1080 2553 qui
1122 2478 1186 2536 fit
1227 2479 1510 2554 voltuque
1554 2498 1782 2539 sereno.

331 2578 449 2635 Sed
490 2575 665 2634 calidi
709 2576 841 2651 plus
884 2586 974 2635 est
1015 2574 1144 2647 iuis,
1190 2574 1409 2650 quibus
1452 2576 1609 2635 acria
1650 2577 1833 2636 corda
2044 2644 2049 2648 ,

335 2673 745 2747 Iracundaque
789 2691 954 2730 mens
995 2670 1165 2731 facile
1207 2672 1531 2731 effervescit
1572 2672 1632 2732 in
1676 2673 1773 2732 ira.
2208 2692 2317 2751 295

334 2770 472 2844 Quo
513 2787 728 2845 genere
769 2767 830 2827 in
873 2766 1076 2845 primis
1117 2767 1204 2828 vis
1246 2780 1336 2829 est
1379 2768 1639 2829 violenta
1679 2770 1941 2843 leonum,

336 2868 583 2925 Pectora
624 2865 724 2941 qui
766 2865 1000 2924 fremitu
1044 2876 1324 2941 rumpunt
1362 2867 1709 2943 plerumque
1751 2877 2071 2942 gementeS,
2163 2856 2166 2859 ’

319 2964 465 3035 Νεο
506 2981 719 3038 capere
759 2960 972 3020 irarum
1016 2962 1225 3020 fluctus
1269 2961 1329 3020 in
1372 2973 1613 3038 pectore
1654 2974 1917 3039 possunt.

334 3062 414 3118 At
456 3068 702 3117 ventosa
743 3055 928 3133 magis
970 3076 1274 3116 cervorum
1316 3057 1525 3135 frigida
1566 3078 1735 3118 mens
1776 3068 1865 3117 est

336 3158 415 3215 Et
454 3155 678 3231 gelidas
719 3152 890 3212 citius
933 3173 1038 3231 per
1078 3152 1300 3213 viscera
1341 3154 1603 3214 concitat
1645 3174 1830 3228 auraS‚
2208 3174 2323 3229 300

336 3256 506 3329 Quae
548 3253 862 3311 tremulum
905 3250 1125 3311 faciunt
1170 3253 1446 3311 membris
1489 3251 1737 3312 existere
1778 3261 2024 3310 motum.

849 3393 946 3440 288
1012 3390 1162 3439 etiam
1185 3392 1340 3439 MSS.
1362 3412 1377 3441 .·
1412 3394 1596 3441 etenim
1618 3394 1692 3441 M

851 3485 944 3533 293
1010 3469 1096 3534 qui
1119 3470 1174 3519 fit
1196 3470 1276 3520 L:
1306 3470 1365 3520 fit
1385 3472 1473 3536 qui
1494 3472 1670 3530 MSS„
1694 3471 1765 3520 M
