2684 3867
698 156 796 205 DE
844 158 1106 208 RERUM
1157 158 1470 209 NATURA
1518 159 1739 210 LIBER
1786 160 1889 211 111.
2210 161 2286 225 33

297 302 596 380 Optineat,
641 304 749 365 sed
789 304 894 380 qui
935 306 1107 365 terrai
1150 306 1331 365 totius
1375 307 1601 378 orbem,

299 402 438 459 Non
482 411 680 460 tamen
723 412 1031 461 aeternum
1073 401 1289 477 poterit
1330 404 1583 477 perferre
1626 403 1894 463 dolorem
2173 421 2291 477 990

299 497 430 557 Nec
470 498 750 574 praebere
791 496 993 557 cibum
1034 500 1274 574 proprio
1317 499 1395 558 de
1436 518 1681 575 corpore
1725 519 1973 576 semper.

295 594 415 653 Sed
455 592 662 671 Tityos
708 593 882 653 nobis
923 592 1037 653 hic,
1060 605 1168 663 est,
1212 593 1274 653 in
1315 614 1519 656 amore
1560 594 1856 656 iacentem

296 691 493 766 Quem
533 693 801 751 volucres
843 692 1102 751 lacerant
1142 703 1325 767 atque
1368 703 1533 752 exest
1574 682 1781 752 anxius
1822 712 2023 770 angor,

293 792 415 848 Aut
457 790 571 848 aiia
612 788 819 865 quavis
861 787 1142 849 scindunt
1183 789 1525 866 cuppedine
1566 809 1755 850 curae.

293 886 575 964 Sisyphus
618 886 678 946 in
721 888 842 947 vita
883 905 1125 963 quoque
1167 886 1342 945 nobis
1384 898 1526 948 ante
1569 889 1773 948 oculos
1818 898 1924 960 est,
2170 904 2286 965 995

295 984 412 1060 Qui
453 995 653 1062 petere
693 1004 730 1043 a
770 986 997 1060 populo
1038 986 1228 1044 fasces
1271 1004 1595 1061 saevasque
1638 1004 1874 1046 secures

295 1079 537 1141 Imbibit
578 1092 638 1141 et
680 1100 914 1157 semper
954 1078 1143 1140 victus
1187 1079 1481 1157 tristisque
1523 1080 1759 1141 recedit.

294 1180 449 1235 Nam
493 1188 694 1254 petere
735 1176 1065 1253 imperium,
1110 1178 1274 1253 quod
1316 1177 1550 1238 inanest
1591 1197 1703 1237 nec
1744 1178 1919 1237 datur
1960 1197 2262 1255 umquam,

291 1278 493 1349 Atque
534 1273 597 1333 in
639 1292 712 1334 eo
755 1293 988 1351 semper
1030 1274 1242 1333 durum
1285 1276 1523 1335 sufferre
1566 1275 1846 1348 laborem,

294 1373 435 1430 Hoc
476 1381 566 1430 est
606 1371 856 1431 adverso
898 1370 1196 1431 nixantem
1243 1374 1478 1432 trudere
1518 1380 1722 1431 monte
2132 1392 2284 1430 1000

290 1470 524 1540 Saxum,
572 1468 734 1544 quod
772 1479 975 1527 tamen
1017 1488 1052 1528 e
1093 1488 1328 1528 summo
1373 1468 1490 1527 iam
1533 1467 1750 1527 vertice
1794 1487 2022 1528 rursum

290 1563 560 1623 Volvitur
600 1575 661 1624 et
701 1564 860 1641 plani
901 1566 1116 1643 raptim
1159 1565 1310 1642 petit
1352 1584 1613 1642 aequora
1652 1564 1864 1644 campi.

293 1660 529 1721 Deinde
570 1661 755 1722 animi
797 1662 1084 1743 ingratam
1130 1675 1399 1724 naturam
1441 1682 1682 1741 pascere
1724 1682 1973 1740 semper,

291 1763 490 1835 Atque
532 1762 767 1836 explere
807 1761 983 1821 bonis
1023 1763 1200 1821 rebus
1242 1761 1575 1837 satiareque
1616 1779 1962 1836 numquam,

292 1855 474 1930 Quod
512 1855 736 1916 faciunt
777 1856 953 1917 nobis
994 1877 1286 1918 annorum
1329 1856 1615 1934 tempora,
1664 1856 1887 1917 circum
2131 1874 2277 1935 1005

288 1954 443 2013 Cum
484 1954 732 2014 redeunt
773 1948 1044 2031 fetusque
1087 1957 1282 2015 ferunt
1322 1954 1635 2030 variosque
1677 1955 1926 2031 leporeS,

293 2054 423 2111 Nec
465 2062 664 2112 tamen
707 2054 1010 2129 explemur
1049 2052 1190 2112 vitai
1231 2051 1515 2112 fructibus
1559 2070 1858 2128 umquam,

293 2150 450 2219 Hoc,
495 2157 560 2207 ut
601 2146 829 2225 opinor,
874 2147 934 2207 id
977 2159 1085 2221 est,
1130 2167 1279 2208 aevo
1321 2150 1568 2208 florente
1610 2140 1838 2225 puell'as

290 2245 473 2320 Quod
515 2255 848 2304 memorant
888 2244 1123 2306 laticem
1166 2256 1472 2322 pertusum
1514 2263 1829 2322 congerere
1872 2244 1935 2303 in
1976 2264 2095 2318 νας,

289 2341 473 2417 Quod
513 2352 710 2400 tamen
755 2342 979 2418 expleri
1021 2344 1184 2401 nulla
1223 2341 1455 2403 ratione
1495 2352 1780 2418 potestur.
2124 2361 2278 2399 1010

288 2439 581 2500 Cerberus
622 2450 681 2498 et
726 2438 935 2499 Furiae
976 2438 1094 2499 iam
1137 2459 1278 2499 vero
1316 2450 1377 2498 et
1418 2437 1566 2497 lucis
1609 2449 1838 2515 egestas

1179 2542 1227 2591 ³11:

288 2616 566 2672 Tartarus
608 2615 918 2675 horriferos
961 2629 1235 2676 eructans
1276 2615 1544 2675 faucibus
1586 2628 1799 2688 aestuS,

290 2709 410 2784 Qui
454 2728 647 2785 neque
691 2722 829 2770 sunt
871 2730 1119 2787 usquam
1161 2731 1275 2772 nec
1317 2722 1565 2788 possunt
1607 2730 1737 2771 esse
1779 2712 2062 2787 profecto.

286 2808 403 2866 Sed
444 2817 639 2866 metus
679 2806 742 2866 in
784 2806 904 2867 vita
947 2827 1269 2883 poenarum
1312 2828 1422 2885 pro
1466 2810 1620 2867 male
1663 2807 1831 2867 factis

290 2906 395 2963 Est
439 2903 765 2981 insignibus
808 2904 1070 2982 insigniS,
1114 2905 1470 2982 scelerisque
1513 2907 1706 2976 luella,
2130 2920 2275 2979 1015

289 3000 505 3060 Carcer
546 3011 604 3059 et
646 2998 938 3059 horribilis
982 3001 1058 3060 de
1102 3020 1243 3060 saxo
1292 3000 1466 3059 iactu’
1510 3000 1805 3071 deorsum,

288 3098 568 3170 Verbera,
611 3096 931 3170 carnificeS,
975 3099 1171 3170 robur,
1216 3096 1334 3173 pix,
1381 3096 1682 3170 lammina,
1724 3096 1973 3168 taedae3

289 3196 463 3270 Quae
503 3206 703 3255 tamen
746 3194 854 3255 etsi
896 3196 1126 3266 absunt,
1172 3206 1232 3255 at
1274 3213 1446 3254 mens
1488 3192 1599 3253 sibi
1640 3190 1883 3252 conscia
1923 3188 2093 3250 factis

291 3294 709 3352 Praemetuens
751 3292 997 3353 adhibet
1039 3292 1307 3351 stimulos
1351 3301 1646 3367 terretque
1687 3286 1948 3365 flageIIiS,

673 3421 825 3485 After
848 3436 932 3473 101
946 3436 966 3470 1
996 3422 1062 3469 M
1077 3428 1297 3485 supposes
1315 3436 1442 3470 some
1462 3436 1615 3471 verses
1636 3428 1684 3469 to
1705 3420 1755 3470 be
1774 3421 1869 3471 lost

453 3537 509 3577 D.
544 3537 594 3577 L.
629 3537 718 3577 111.
2084 3534 2118 3589 3
