2684 3867
786 1025 878 1099 T.
959 1027 1451 1101 LUCRETI
1531 1028 1787 1103 CARI

544 1267 740 1360 DE
832 1211 1334 1363 RERUM
1436 1203 2034 1364 NATURA

881 1514 1168 1578 LIBER
1229 1515 1669 1581 TERTIUS.

282 1740 335 1797 E
375 1739 635 1799 tenebris
675 1740 854 1799 tantis
895 1751 1018 1799 tam
1060 1740 1283 1798 clarum
1326 1740 1607 1799 extollere
1649 1740 1851 1798 lumen

281 1835 401 1909 Qui
442 1837 666 1911 primus
708 1835 955 1912 potuisti
997 1835 1314 1895 inlustrans
1354 1837 1674 1895 commoda
1712 1834 1884 1907 vitae,

280 1932 371 1990 Te
411 1949 641 2006 sequor,
686 1950 726 1991 o
767 1934 981 1991 Graiae
1021 1932 1213 2008 gentis
1255 1933 1457 2001 decuS,
1501 1930 1681 2007 inque
1724 1931 1837 1989 tuis
1881 1950 2042 1989 nunc

280 2026 446 2084 Ficta
487 2026 712 2100 pedum
754 2046 916 2102 pono
958 2025 1173 2101 pressis
1214 2026 1459 2102 vestigia
1502 2026 1698 2102 signis,

280 2120 423 2178 Non
464 2119 547 2178 ita
586 2121 851 2180 certandi
892 2121 1139 2197 cupidus
1182 2140 1363 2197 quam
1406 2133 1649 2197 propter
1689 2140 1955 2181 amorem
2226 2140 2259 2199 5

280 2215 464 2289 Quod
505 2226 564 2275 te
603 2215 820 2275 imitari
861 2235 1050 2289 ave03
1091 2216 1235 2292 quid
1279 2217 1438 2276 enim
1480 2219 1806 2277 contendat
1849 2217 2104 2278 hirundo

280 2313 514 2389 CycniS,
559 2325 660 2373 aut
702 2314 989 2390 quidnam
1032 2313 1292 2374 tremulis
1334 2316 1526 2373 facere
1567 2314 1809 2373 artubus
1852 2314 2029 2374 haedi

279 2408 608 2470 Consimile
651 2410 712 2468 in
753 2430 926 2470 cursu
967 2410 1200 2487 possint
1242 2421 1303 2471 et
1348 2408 1513 2469 fortis
1556 2409 1696 2486 equi
1738 2409 1870 2468 vis?

278 2508 394 2577 Tu,
435 2518 617 2582 pater,
663 2526 727 2567 es
768 2527 962 2567 rerum
1002 2507 1291 2579 inventor,
1336 2518 1402 2566 tu
1444 2506 1634 2585 patria
1675 2508 1848 2566 nobis

277 2604 636 2679 Suppeditas
679 2616 1011 2680 praecepta,
1056 2604 1292 2680 tuisque
1333 2624 1423 2678 ex,
1469 2604 1708 2674 inclute,
1754 2602 1983 2674 chartiS,
2197 2625 2267 2663 10

280 2702 328 2757 F
330 2699 572 2760 loriferis
615 2711 680 2759 ut
719 2720 865 2777 apes
905 2700 967 2758 in
1011 2700 1255 2759 saltibus
1299 2698 1499 2759 omnia
1540 2700 1745 2771 libant,

278 2796 500 2857 Omnia
538 2816 650 2855 nos
690 2795 897 2856 itidem
939 2795 1318 2873 depascimur
1356 2815 1535 2855 aurea
1575 2794 1752 2869 dicta,

275 2897 491 2967 Aurea,
535 2904 819 2970 perpetua
861 2911 1092 2970 semper
1133 2892 1481 2969 dignissima
1521 2892 1657 2952 vita.

278 2991 436 3047 Nam
478 2986 653 3047 simul
695 3008 767 3047 ac
808 2990 956 3047 ratio
997 2998 1099 3047 tua
1139 2988 1341 3063 coepit
1384 2987 1689 3048 vociferari

277 3088 563 3145 Naturam
604 3105 818 3160 rerum,
864 3085 1064 3145 divina
1106 3099 1306 3146 mente
1348 3097 1571 3159 coorta,
2198 3104 2265 3160 15

278 3180 608 3259 Diffugiunt
649 3180 831 3241 animi
872 3192 1134 3255 terroreS‚
1181 3182 1419 3242 moenia
1458 3181 1669 3242 mundi

276 3278 630 3351 Discedunt,
671 3288 860 3337 totum
905 3278 1084 3337 video
1122 3296 1229 3354 per
1270 3277 1447 3337 inane
1488 3277 1609 3355 geri
1653 3296 1758 3337 res·

274 3377 542 3451 Apparet
581 3372 786 3434 divum
825 3392 1050 3433 numen
1092 3374 1385 3450 sedesque
1429 3374 1680 3449 quietae,

275 3474 441 3549 Quas
485 3490 685 3547 neque
725 3471 1078 3531 concutiunt
1118 3473 1280 3530 venti
1321 3489 1437 3531 nec
1478 3470 1681 3530 nubila
1722 3470 1940 3531 nimbis

433 3600 492 3643 D.
527 3600 576 3642 L.
611 3602 701 3642 111.
2076 3603 2101 3642 1
