2684 3867
431 227 473 287 4
739 252 760 271 .
1099 224 1161 273 T.
1208 224 1531 275 LUCRETI
1578 225 1752 276 CARI

436 369 623 430 Obliti
664 372 888 431 fontem
930 392 1199 433 curarum
1240 374 1402 433 hunc
1443 393 1573 434 esse
1616 373 1907 435 timorem.

437 471 621 527 Hunc
664 489 868 530 vexare
910 472 1220 546 pudorem,
1265 473 1426 531 hunc
1467 472 1703 532 vincula
1743 469 2022 531 amicitiai

435 568 736 643 Rumpere
778 578 838 627 et
878 568 940 626 in
983 587 1214 627 summa
1254 568 1537 646 pietatem
1580 580 1840 629 evertere
1883 570 2107 630 suadet.

435 668 590 725 Nam
637 666 751 725 iam
795 685 972 743 saepe
1012 667 1282 726 homines
1324 666 1573 743 patriam
1616 687 1904 745 carosque
1946 666 2209 745 parentis
2342 672 2411 744 85

435 763 842 837 Prodiderunt,
885 763 1065 823 vitare
1110 766 1433 824 Acherusia
1476 754 1697 841 templa
1740 777 2027 841 petentes,

437 861 591 919 Nam
633 860 811 919 veluti
852 860 1018 937 pueri
1061 860 1359 937 trepidant
1400 872 1581 937 atque
1624 864 1827 922 omnia
1868 862 2058 923 caecis

436 959 508 1015 In
549 957 806 1016 tenebris
849 968 1138 1027 metuunt,
1184 957 1269 1015 sic
1310 976 1421 1015 nos
1464 956 1523 1015 in
1569 959 1701 1018 luce
1744 958 2018 1018 timemus

436 1054 760 1124 Interdum,
805 1054 928 1112 nilo
969 1071 1120 1127 quae
1161 1064 1298 1112 sunt
1340 1054 1665 1113 metuenda
1706 1055 1891 1130 magis
1933 1075 2109 1131 quam

434 1152 603 1225 Quae
644 1150 812 1227 pueri
851 1149 915 1209 in
957 1150 1213 1210 tenebris
1258 1149 1520 1226 pavitant
1562 1152 1909 1227 finguntque
1951 1153 2157 1209 futura.
2342 1174 2417 1228 90

381 1312 384 1315 Δ
435 1251 619 1307 Hunc
661 1248 833 1323 igitur
875 1258 1152 1306 terrorem
1195 1247 1379 1305 animi
1423 1248 1817 1322 tenebrasque
1858 1261 2157 1308 necessest

435 1348 574 1405 Non
616 1344 762 1405 radii
805 1345 947 1404 solis
988 1364 1181 1420 neque
1224 1345 1424 1404 lucida
1468 1347 1583 1404 tela
1625 1344 1744 1404 diei

434 1441 788 1515 Discutiant,
832 1443 939 1501 sed
982 1439 1228 1500 naturae
1271 1440 1499 1517 species
1542 1442 1825 1517 ratioque.

514 1538 772 1598 Primum
813 1538 1075 1597 animum
1122 1536 1274 1610 dico,
1320 1548 1584 1597 mentem
1629 1557 1805 1613 quam
1852 1556 2029 1613 saepe
2068 1557 2367 1611 vocamuS,

434 1636 508 1694 In
552 1654 671 1712 quo
712 1636 1023 1695 consilium
1067 1633 1221 1693 vitae
1264 1634 1644 1711 regimenque
1686 1636 1945 1693 locatum
1988 1645 2093 1707 est,
2340 1654 2412 1712 95

434 1734 581 1790 Esse
621 1731 876 1790 hominis
917 1742 1147 1807 partem
1191 1730 1314 1789 nilo
1357 1730 1552 1790 minus
1593 1749 1663 1789 ac
1705 1750 1915 1789 manus
1959 1742 2017 1790 et
2060 1750 2167 1807 pes

431 1832 632 1906 Atque
673 1829 829 1889 oculi
869 1841 1063 1905 partes
1104 1826 1419 1887 animantis
1461 1826 1641 1886 totius
1683 1839 1898 1886 extant.

431 2028 678 2085 Sensum
722 2022 903 2082 animi
943 2034 1102 2082 certa
1145 2041 1268 2080 non
1311 2041 1440 2081 esse
1482 2022 1545 2081 in
1586 2033 1751 2098 parte
1794 2024 2073 2094 locatum,

429 2126 650 2183 Verum
693 2120 959 2181 habitum
1002 2104 1306 2197 quendam
1347 2120 1587 2180 vitalem
1629 2120 1891 2197 corporis
1934 2140 2077 2191 esse,

432 2217 824 2280 Harmoniam
869 2216 1009 2279 Grai
1051 2237 1228 2294 quam
1270 2217 1496 2291 dicunt,
1540 2217 1704 2293 quod
1744 2217 1921 2276 faciat
1964 2237 2074 2277 nos
2305 2240 2415 2277 100

429 2318 644 2377 Vivere
684 2334 820 2374 cum
863 2333 1058 2385 sensu,
1103 2315 1265 2372 nulla
1307 2332 1443 2371 cum
1485 2312 1546 2371 in
1589 2324 1755 2389 parte
1796 2312 1905 2373 siet
1949 2334 2131 2373 mens.

430 2417 518 2475 Ut
561 2415 718 2475 bona
759 2431 937 2490 saepe
978 2412 1257 2470 valetudo
1301 2429 1436 2468 cum
1481 2408 1694 2469 dicitur
1735 2428 1864 2469 esse

432 2509 732 2588 CorporiS,
774 2520 834 2569 et
875 2528 998 2568 non
1040 2516 1129 2567 est
1169 2518 1371 2567 tamen
1414 2508 1565 2565 haec
1607 2525 1741 2581 pars
1784 2508 1901 2565 ulla
1943 2506 2209 2579 valentiS,

430 2606 525 2667 Sic
565 2605 748 2665 animi
789 2625 1027 2682 sensum
1071 2623 1193 2664 non
1236 2614 1396 2663 certa
1437 2612 1603 2679 parte
1646 2613 1945 2677 reponunt
1964 2624 1982 2676 3

433 2708 660 2782 Magno
703 2723 881 2781 opere
921 2704 984 2761 in
1027 2721 1146 2777 quo
1188 2701 1268 2760 mi
1311 2698 1528 2760 diversi
1571 2718 1759 2758 errare
1801 2699 2091 2761 videntur.
2308 2722 2412 2780 105

431 2806 619 2879 Saepe
661 2802 879 2877 itaque,
925 2800 985 2858 in
1028 2808 1306 2875 promptu
1351 2814 1567 2871 corpus
1609 2796 1772 2870 quod
1816 2796 2084 2867 cernitur,
2130 2810 2343 2875 aegret,

433 2900 586 2959 Cum
630 2909 830 2957 tamen
873 2916 944 2956 ex
984 2895 1099 2955 alia
1139 2896 1429 2954 laetamur
1468 2903 1634 2969 parte
1676 2892 1919 2967 latenti3

434 3000 513 3056 Et
553 3006 708 3056 retro
749 2998 814 3055 fit
854 2993 941 3054 uti
984 3005 1188 3053 contra
1229 2992 1302 3051 sit
1344 3010 1523 3068 saepe
1567 2989 1842 3064 vicissim,

433 3094 588 3155 Cum
631 3092 809 3152 miser
849 3112 921 3151 ex
962 3091 1162 3151 animo
1206 3091 1455 3149 laetatur
1496 3108 1744 3166 corpore
1787 3099 1951 3162 τοῖος

435 3193 491 3249 N
496 3209 574 3248 on
617 3188 734 3249 alio
774 3200 952 3265 pacto
994 3206 1173 3263 quam
1216 3185 1280 3257 si,
1325 3203 1435 3262 pes
1477 3204 1613 3243 cum
1654 3184 1818 3244 dolet
1859 3182 2036 3259 aegri,
2310 3208 2421 3246 110

435 3290 508 3346 In
550 3288 714 3347 nullo
756 3298 932 3363 caput
973 3284 1196 3344 interea
1239 3283 1312 3343 sit
1354 3285 1505 3343 forte
1547 3284 1769 3343 dolore.

528 3407 678 3469 Afler
697 3420 758 3471 97
782 3423 816 3453 a
837 3422 971 3456 verse
991 3408 1036 3455 is
1061 3407 1163 3466 lost,
1195 3404 1314 3455 such
1348 3420 1405 3453 as
1433 3404 1750 3469 Quamquam
1782 3418 1963 3467 magna
1992 3404 2196 3469 quidem
2230 3406 2420 3470 sapien-

433 3494 538 3536 tum
569 3488 713 3537 turba
742 3493 978 3553 putarunt
