2684 3867
723 189 822 237 DE
870 187 1137 239 RERUM
1187 187 1500 237 NATURA
1546 187 1768 237 LIBER
1816 186 1916 235 111.
2233 186 2312 247 27

317 336 514 411 Quam
556 334 806 393 mortale
847 334 1014 409 quod
1057 343 1146 392 est
1189 330 1486 392 inmortali
1530 342 1710 408 atque
1753 331 2000 408 perenni

319 434 595 491 Iunctum
640 430 700 488 in
745 429 997 489 concilio
1041 449 1244 489 saevas
1288 431 1537 488 tolerare
1578 430 1910 505 procellas?
2193 427 2305 503 805

399 532 708 588 Praeterea
749 546 1160 604 quaecumque
1203 538 1445 585 manent
1488 536 1744 598 aeterna,
1789 534 2104 596 necessest,

321 629 440 687 Aut
481 625 620 702 quia
661 635 797 683 sunt
839 623 1031 684 solido
1074 643 1207 682 cum
1252 642 1517 700 corpore,
1562 640 1835 698 respuere
1877 620 2046 692 ictuS,

320 724 452 782 Nec
491 731 799 797 penetrare
842 720 966 795 pati
1008 719 1117 779 sibi
1162 719 1481 796 quicquam
1525 720 1689 796 quod
1733 728 1911 794 queat
1952 727 2105 776 artas

324 817 660 878 Dissociare
700 816 859 877 intus
901 816 1102 893 partiS‚
1145 827 1212 875 ut
1251 816 1518 876 materiai

322 917 590 990 Corpora
629 924 782 985 sunt,
827 933 1080 990 quorum
1121 924 1390 972 naturam
1436 912 1805 973 ostendimus
1854 922 1991 971 ante
2011 930 2031 985 ;
2192 914 2309 968 810

321 1015 442 1070 Aut
485 1011 624 1070 ideo
667 1011 875 1069 durare
916 1019 1171 1069 aetatem
1213 1028 1390 1085 posse
1433 1029 1538 1086 per
1579 1028 1819 1068 ornnem

321 1110 631 1184 Plagarum
674 1105 814 1182 quia
855 1118 990 1165 sunt
1032 1104 1308 1182 expertia,
1355 1107 1505 1165 sicut
1548 1104 1797 1179 inanest,

322 1206 504 1280 Quod
545 1214 747 1262 manet
787 1202 1074 1262 intactum
1117 1221 1312 1278 neque
1355 1202 1431 1262 ab
1471 1202 1594 1262 ictu
1636 1203 1893 1280 fungitur
1933 1203 2117 1263 hilum
2139 1223 2157 1275 ;

320 1306 442 1362 Aut
483 1301 661 1361 etiam
702 1300 842 1377 quia
882 1302 1046 1360 nulla
1086 1301 1200 1360 loci
1247 1302 1321 1359 sit
1364 1300 1535 1377 copia
1579 1301 1817 1374 circum,

323 1400 461 1475 Quo
503 1399 667 1474 quasi
713 1416 804 1457 res
846 1396 1077 1473 possint
1118 1396 1425 1457 discedere
1469 1398 1847 1475 dissoInique,
2167 1401 2306 1475 ·815

322 1495 485 1555 Sicut
527 1512 884 1553 summarum
928 1507 1213 1552 summast
1254 1506 1509 1565 aeterna,
1556 1514 1750 1570 neque
1793 1506 1954 1554 extra

322 1593 442 1668 Qui
482 1595 648 1652 locus
690 1602 779 1650 est
820 1609 943 1667 quo
983 1589 1307 1666 diffugiant,
1354 1611 1551 1667 neque
1593 1612 1838 1668 corpora
1882 1601 2019 1651 sunt
2062 1611 2215 1669 quae

321 1690 554 1751 Possint
597 1689 856 1749 incidere
898 1699 957 1749 et
999 1689 1195 1748 valida
1237 1689 1558 1749 dissolvere
1600 1692 1787 1767 plaga.

1088 1801 1136 1849 ,κε

322 1887 506 1962 Quod
547 1885 596 1945 si
636 1886 786 1945 forte
827 1884 967 1944 ideo
1010 1883 1197 1960 magis
1239 1882 1586 1943 immortalis
1628 1885 1979 1956 habendast,

322 1985 505 2060 Quod
544 1983 819 2043 vitalibus
861 1985 938 2042 ab
978 1984 1152 2042 rebus
1196 1982 1425 2041 munita
1464 1993 1712 2055 tenetur,
2194 1985 2310 2041 820

321 2086 440 2140 Aut
481 2081 620 2157 quia
661 2099 783 2140 non
826 2080 1070 2139 veniunt
1112 2079 1361 2139 omnino
1404 2079 1598 2139 aliena
1641 2080 1866 2153 salutiS,

323 2182 441 2237 Aut
484 2177 621 2254 quia
663 2197 816 2255 quae
857 2178 1102 2238 veniunt
1143 2178 1340 2253 aliqua
1383 2178 1611 2238 ratione
1653 2180 1939 2238 recedunt

324 2277 500 2334 Pulsa
541 2274 701 2351 prius
742 2295 920 2350 quam
965 2274 1110 2351 quid
1151 2286 1409 2334 noceant
1452 2276 1667 2335 sentire
1709 2293 2013 2352 queamus,

324 2472 562 2528 Praeter
602 2468 759 2528 enim
801 2489 979 2546 quam
1025 2472 1192 2546 quod
1233 2473 1455 2531 morbis
1496 2491 1631 2531 cum
1676 2472 1936 2549 corporis
1979 2482 2191 2549 aegret‚

323 2566 579 2626 Advenit
620 2567 684 2625 id
725 2568 888 2643 quod
931 2587 1062 2645 eam
1108 2569 1184 2628 de
1225 2570 1398 2628 rebus
1443 2589 1622 2646 saepe
1662 2570 1871 2629 futuris
2195 2572 2306 2647 825

325 2668 605 2735 Macerat,
651 2663 831 2740 inque
875 2676 1034 2723 metu
1077 2667 1231 2724 male
1272 2667 1452 2725 habet
1494 2666 1768 2743 curisque
1811 2667 2032 2745 fatigat,

324 2762 774 2838 Praeteritisque
816 2764 971 2821 male
1012 2762 1285 2822 admissis
1326 2774 1575 2839 peccata
1616 2765 1972 2824 remordent.

321 2861 498 2920 Adde
537 2861 792 2919 furorem
835 2858 1015 2918 animi
1057 2860 1364 2936 proprium
1408 2870 1590 2937 atque
1633 2860 1853 2921 oblivia
1894 2880 2104 2933 rerum,

322 2955 497 3014 Adde
540 2956 704 3030 quod
746 2953 806 3013 in
850 2954 1042 3032 nigras
1084 2956 1328 3033 lethargi
1375 2956 1654 3032 mergitur
1694 2958 1901 3016 undas·

404 3051 504 3110 Nil
545 3051 720 3128 igitur
760 3071 917 3111 mors
959 3064 1048 3112 est
1091 3054 1170 3112 ad
1209 3072 1321 3113 nos
1365 3072 1561 3128 neque
1603 3054 1860 3129 pertinet
1901 3053 2107 3126 hilum,
2195 3055 2313 3130 830

418 3206 677 3258 806—-818
709 3223 798 3255 are
822 3208 1026 3272 rejected
1041 3208 1100 3269 by
1123 3209 1193 3257 M
1388 3210 1536 3272 After
1557 3210 1651 3258 818
1690 3211 1927 3258 Giussani
1944 3218 2168 3274 supposes
2186 3226 2314 3259 some

319 3304 474 3337 verses
493 3296 540 3337 to
561 3289 614 3336 be
631 3289 724 3337 lost
901 3290 998 3339 820
1063 3290 1294 3338 vitalibus
1317 3291 1472 3337 MSS.
1486 3306 1503 3338 .·
1537 3290 1766 3339 letalibus
1790 3292 1861 3339 M
2045 3292 2197 3355 After
2218 3294 2312 3354 823

320 3372 367 3420 L
404 3378 624 3435 supposes
660 3387 693 3418 a
730 3386 864 3419 verse
899 3377 948 3419 to
981 3371 1034 3420 be
1070 3371 1175 3430 lost,
1216 3371 1334 3418 such
1366 3386 1425 3419 as
1461 3372 1625 3419 Multa
1657 3378 1823 3420 tamen
2097 3373 2311 3420 animam

321 3450 468 3512 mala,
504 3450 661 3499 multa
694 3451 897 3515 pericla.
1743 3448 2005 3564 ζχξςῑε
2018 3446 2067 3549 ἔ
2097 3458 2132 3505 Υ

947 3630 954 3637 -
1608 3665 1621 3692 x
1684 3573 2209 3674 υκινεκεῑῖΥ

1645 3729 1657 3741 χ
1766 3688 2161 3797 CAmggRffi*
