2684 3867
441 220 526 285 26
1101 216 1160 265 τ.
1209 208 1527 265 LucRE‘rr
1572 189 1753 255 CARI

370 345 602 420 Qniflv‘*
644 378 870 430 ⁸⁰·‘avas
911 368 1024 433 sibi
1063 366 1183 425 vult
1224 357 1497 423 membris
1538 352 1693 416 exire
1734 342 2013 403 Senectss?

372 446 468 501 An
511 441 719 503 metuit
765 444 1117 503 conclusa.-.
1155 480 1389 523 manere
1426 458 1487 517 jn
1527 462 1770 530 corpore
1807 442 1966 517 putri,

373 541 451 598 Et
493 540 708 599 domus
749 539 956 597 aetatis
1002 536 1196 613 spatio
1238 557 1314 597 ne
1358 552 1512 597 ressa
1566 552 1828 611 ,vetusto

374 636 642 698 Obruat?
679 646 739 694 at
781 653 904 693 non
946 646 1085 694 sunt
1124 634 1441 695 immortali
1484 637 1606 696 ulla
1646 634 1893 713 pericia:
2253 659 2361 719 775

456 731 732 809 Denique
772 730 1028 792 conubia
1068 734 1146 793 ad
1187 732 1437 793 Veneris
1478 746 1802 811 partusque
1844 732 2096 793 ferarum

375 834 524 891 Esse
566 830 792 890 animas
833 841 1070 907 praesto
1113 831 1502 891 deridiculum
1550 853 1679 892 esse
1722 830 1969 903 videtur,

378 934 705 1008 Expectare
747 928 1093 989 immortalis
1136 929 1410 989 mortalia
1453 933 1719 991 membra

380 1031 704 1088 Innumero
747 1046 1008 1102 numer0,
1054 1039 1398 1104 certareque
1439 1040 1969 1105 praeproperanter

383 1130 544 1185 Inter
584 1145 646 1184 se
689 1144 844 1202 quae
884 1124 1077 1201 prima
1117 1126 1543 1202 potissimaque
1588 1126 1949 1201 insinuetur3
2256 1132 2370 1203 780

379 1223 439 1282 Si
481 1241 602 1281 non
645 1223 794 1281 forte
834 1220 918 1280 ita
957 1231 1095 1280 sunt
1135 1221 1467 1293 animarum
1509 1223 1753 1282 foedera
1794 1235 1984 1299 pacta,

381 1323 468 1382 Ut
511 1338 664 1397 quae
705 1318 896 1396 prima
935 1321 1142 1379 volans
1184 1322 1488 1380 advenerit
1528 1319 1857 1382 insinuetur

382 1420 592 1489 Prima,
638 1436 835 1493 neque
874 1415 1028 1477 inter
1069 1436 1131 1477 se
1173 1419 1543 1477 contendant
1585 1418 1801 1479 viribus
1844 1419 2047 1479 hilum.

464 1514 738 1591 Denique
780 1514 840 1573 in
883 1516 1120 1574 aethere
1162 1534 1284 1574 non
1328 1518 1519 1587 arbor,
1566 1535 1687 1574 non
1731 1536 1989 1593 aequore
2031 1517 2092 1576 in
2134 1517 2255 1576 alto

385 1614 593 1673 Nubes
634 1632 764 1672 esse
807 1623 1034 1688 queunt
1075 1631 1188 1671 nec
1227 1611 1421 1688 pisces
1462 1614 1657 1672 vivere
1698 1612 1759 1671 in
1802 1614 1953 1673 arvis
2136 1607 2140 1613 ’
2257 1618 2370 1693 785

385 1712 515 1769 Nec
557 1727 726 1768 cruor
767 1710 828 1767 in
868 1706 1041 1783 lignis
1084 1727 1279 1783 neque
1321 1708 1475 1768 saxis
1518 1729 1690 1768 sucus
1733 1710 1942 1770 inesse.

387 1808 631 1868 Certum
673 1824 743 1863 ac
785 1802 1189 1880 dispositumst
1232 1804 1334 1864 ubi
1378 1805 1659 1882 quicquid
1704 1818 1931 1867 crescat
1973 1819 2031 1868 et
2072 1806 2226 1868 insit.

386 1903 483 1962 Sic
523 1902 704 1960 animi
747 1911 956 1960 natura
998 1900 1203 1975 nequit
1245 1901 1374 1961 sine
1415 1922 1665 1979 corpore
1708 1903 1838 1962 oriri

387 2002 543 2073 Sola,
588 2017 783 2074 neque
825 2017 862 2055 a
903 1998 1095 2057 nervis
1136 2009 1195 2058 et
1237 1999 1523 2076 sanguine
1554 2000 1817 2077 ·longiter
1854 2018 2000 2061 esse.

389 2096 570 2171 Quod
612 2095 661 2154 si
701 2105 902 2170 posset
943 2094 1119 2167 enim,
1165 2097 1357 2155 multo
1398 2098 1558 2172 prius
1600 2096 1728 2174 ipsa
1770 2098 1951 2156 animi
1972 2098 2079 2157 ‚vis
2259 2114 2378 2175 790

392 2194 464 2251 In
507 2191 701 2268 capite
744 2200 846 2249 aut
888 2190 1102 2249 umeris
1145 2202 1246 2249 aut
1290 2192 1422 2250 imis
1467 2191 1727 2251 calcibus
1770 2212 1897 2252 esse

392 2292 597 2348 Posset
641 2298 702 2346 et
740 2286 967 2345 innasci
1009 2287 1212 2362 quavis
1258 2288 1318 2347 in
1362 2299 1527 2364 parte
1570 2290 1799 2362 soleret,

389 2386 664 2444 Tandem
709 2383 770 2442 in
813 2385 1028 2444 eodem
1070 2384 1313 2444 homine
1357 2396 1537 2458 atque
1578 2385 1641 2444 in
1682 2386 1895 2445 eodem
1941 2405 2077 2445 vase
2121 2405 2378 2446 manere.

393 2482 576 2557 Quod
616 2480 897 2557 quoniam
942 2493 1142 2539 nostro
1186 2499 1427 2558 quoque
1470 2491 1704 2540 constat
1746 2499 1991 2556 corpore
2032 2492 2255 2540 certum

393 2578 883 2655 Dispositumque
925 2578 1172 2650 videtur,
1217 2578 1318 2637 ubi
1363 2598 1494 2638 esse
1538 2590 1596 2639 et
1638 2597 1899 2638 crescere
1939 2577 2124 2655 possit
2265 2595 2377 2656 795

395 2680 637 2737 Sorsum
681 2675 880 2734 anima
920 2686 1098 2751 atque
1140 2672 1389 2745 animus,
1435 2687 1604 2735 tanto
1647 2676 1831 2752 magis
1872 2674 2245 2735 infitiandum

392 2778 617 2835 Totum
661 2792 836 2849 posse
880 2783 1039 2831 extra
1078 2791 1293 2848 corpus
1337 2773 1547 2832 durare
1588 2772 1857 2849 genique.

395 2873 608 2949 Quare,
655 2889 869 2946 corpus
913 2870 1014 2930 ubi
1057 2868 1292 2941 interiit,
1337 2869 1585 2947 periisse
1628 2881 1928 2930 necessest

396 2970 732 3030 Confiteare
772 2966 1031 3025 animam
1075 2966 1414 3025 distractam
1459 2965 1521 3024 in
1561 2984 1810 3042 corpore
1853 2976 1999 3025 toto,

396 3066 635 3144 Quippe
678 3063 896 3123 etenim
943 3064 1189 3122 mortale
1230 3074 1473 3123 aeterno
1514 3062 1754 3139 iungere
1797 3073 1857 3121 et
1898 3081 2015 3121 una
2266 3063 2389 3121 800

395 3160 748 3226 Consentire
789 3173 995 3236 putare
1040 3174 1097 3219 et
1141 3159 1302 3234 fungi
1349 3170 1553 3217 mutua
1596 3178 1789 3235 posse,

396 3259 757 3335 Desiperest.
845 3258 1007 3331 Quid
1050 3257 1206 3317 enim
1251 3255 1537 3315 diversius
1578 3275 1710 3315 esse
1752 3256 2145 3332 putandumst

397 3361 518 3416 Aut
558 3353 744 3431 magis
786 3355 938 3413 inter
977 3372 1042 3413 se
1084 3351 1445 3411 disiunctum
1487 3352 2011 3430 discrepitansque,

400 3490 494 3539 790
560 3476 711 3537 Quod
733 3475 774 3523 si
798 3476 983 3537 (posset
1005 3472 1137 3521 enim
1161 3473 1319 3520 multo
1341 3471 1497 3535 prius)
1522 3475 1593 3521 M
1784 3486 1875 3537 79²
1943 3481 2099 3535 parte,
2122 3472 2301 3521 soleret
2326 3476 2397 3524 M
