2684 3867
731 161 829 211 DE
875 161 1139 212 RERUM
1189 162 1502 213 NATURA
1548 161 1769 211 LIBER
1815 161 1917 210 111.
2272 161 2315 223 9

339 305 660 369 Sensiferos
702 320 916 380 motuS,
963 308 1184 367 nedum
1228 327 1382 384 quae
1424 321 1623 368 mente
1666 309 1907 367 volutat.
2198 321 2313 372 240

226 450 234 458 .
337 402 561 476 Quarta
597 421 838 479 quoque
879 401 970 461 his
1015 402 1190 479 igitur
1227 402 1526 479 quaedam
1567 415 1776 462 natura
1818 410 2113 460 necessest

335 495 729 558 Adtribuatur.
817 500 962 557 East
1002 499 1248 557 omnino
1290 498 1549 558 nominis
1592 516 1800 574 expers
1819 518 1838 570 ;

337 593 469 667 Qua
511 612 703 669 neque
747 592 1020 653 mobilius
1061 594 1384 670 quicquam
1425 612 1618 669 neque
1661 592 1890 652 tenvius
1934 602 2141 664 exstat,

336 690 466 749 Nec
507 690 690 768 magis
731 711 765 752 e
808 691 1000 766 parvis
1043 701 1101 750 et
1143 690 1371 750 levibus
1412 703 1503 751 est
1544 689 1887 764 elementis;

334 788 654 849 Sensiferos
696 804 894 849 motus
936 808 1087 865 quae
1128 788 1279 849 didit
1321 788 1512 864 prima
1551 806 1659 865 per
1698 798 1872 847 artus·
2200 804 2311 862 245

336 886 534 947 Prima
571 887 757 948 cietur
796 886 975 961 enim,
1018 885 1209 963 parvis
1250 888 1510 963 perfecta
1549 884 1744 962 figuris
1760 905 1781 959 3

336 983 488 1043 Inde
528 985 690 1043 calor
727 995 924 1044 motus
965 995 1022 1043 et
1065 982 1226 1043 venti
1267 1002 1450 1042 caeca
1494 993 1756 1059 potestas

334 1080 586 1158 Accipit,
629 1080 770 1142 inde
810 1101 948 1155 aer;
987 1080 1130 1141 inde
1171 1080 1375 1141 omnia
1415 1080 1835 1152 mobilitantur,

335 1177 686 1240 Concutitur
723 1178 975 1256 sanguiS,
1020 1191 1146 1239 tum
1187 1177 1411 1239 viscera
1452 1176 1885 1254 persentiscunt

336 1274 572 1348 Omnia,
617 1276 929 1353 postremis
971 1276 1143 1336 datur
1184 1275 1417 1335 ossibus
1459 1287 1636 1351 atque
1679 1273 1954 1334 medullis
2204 1290 2319 1347 250

334 1372 469 1434 Sive
510 1375 781 1450 voluptas
823 1386 911 1433 est
954 1373 1076 1434 sive
1118 1384 1208 1433 est
1249 1372 1575 1433 contrarius
1617 1372 1807 1432 ardor.

337 1473 466 1532 Nec
507 1484 727 1533 temere
767 1474 885 1533 huc
926 1473 1098 1533 dolor
1137 1491 1327 1549 usque
1371 1482 1568 1547 potest
1610 1482 1917 1547 penetrare
1953 1486 2147 1546 neque
2184 1485 2320 1525 acre

336 1571 688 1630 Permanare
729 1571 967 1640 malum,
1013 1567 1156 1646 quin
1199 1568 1403 1629 omnia
1441 1568 1857 1645 perturbentur

337 1667 545 1742 Usque
585 1667 738 1727 adeo
779 1678 843 1726 ut
888 1664 1042 1726 vitae
1082 1664 1236 1725 desit
1277 1667 1446 1724 locus
1487 1675 1668 1740 atque
1708 1660 1925 1721 animai

337 1760 663 1839 Diffugiant
700 1773 895 1839 partes
936 1781 1042 1839 per
1083 1763 1280 1821 caulas
1323 1758 1588 1836 corporis
1630 1756 1837 1832 omnis.
2206 1772 2317 1833 255

335 1857 453 1918 Sed
491 1859 836 1935 plerumque
877 1859 943 1917 fit
984 1858 1046 1917 in
1087 1876 1323 1917 summo
1367 1855 1535 1932 quasi
1577 1873 1827 1930 corpore
1870 1844 2002 1913 fi'nis

338 1953 640 2015 Motibus:
681 1956 835 2014 hanc
875 1955 956 2015 ob
997 1974 1121 2014 rem
1162 1951 1343 2013 vitam
1386 1951 1635 2012 retinere
1678 1953 1957 2011 valemus.

417 2053 596 2111 Nunc
637 2070 707 2110 ea
747 2069 868 2127 quo
907 2061 1084 2126 pacto
1125 2048 1278 2109 inter
1317 2068 1447 2107 sese
1489 2046 1672 2105 mixta
1713 2046 2048 2123 quibusque

336 2149 599 2225 Compta
639 2148 834 2207 modis
877 2146 1130 2224 vigeant,
1172 2144 1462 2205 rationem
1507 2144 1753 2203 reddere
1796 2153 2067 2213 aventem

335 2244 641 2306 Abstrahit
683 2242 931 2304 invitum
975 2242 1146 2320 patrii
1190 2241 1476 2303 sermonis
1518 2253 1786 2319 egestasj,
2209 2244 2324 2298 260

337 2343 455 2401 Sed
498 2351 714 2413 tamen,
760 2353 824 2401 ut
865 2352 1074 2417 potero
1115 2338 1456 2400 summatim
1498 2337 1800 2414 attingere,
1848 2347 2103 2413 tangam.

338 2438 500 2496 Inter
540 2437 700 2497 enim
740 2448 977 2497 cursant
1017 2436 1339 2515 primordia
1378 2433 1805 2513 principiorum

338 2534 608 2595 Motibus
650 2534 799 2596 inter
839 2556 921 2607 se,
966 2535 1049 2594 nil
1091 2548 1157 2593 ut
1198 2534 1491 2595 secernier
1533 2552 1720 2592 unum

338 2630 533 2690 Possit
574 2651 687 2692 nec
729 2632 924 2709 spatio
966 2630 1090 2691 fieri
1131 2630 1320 2690 divisa
1362 2641 1647 2708 potestaS,

335 2729 452 2787 Sed
494 2728 662 2804 quasi
702 2731 923 2790 multae
965 2731 1052 2788 vis
1092 2728 1266 2788 unius
1307 2725 1572 2805 corporis
1615 2737 1829 2787 extant.
2208 2732 2319 2803 265

338 2824 520 2897 Quod
561 2844 745 2901 genus
787 2824 849 2883 in
893 2823 1102 2901 quovis
1145 2827 1517 2884 animantum
1558 2824 1780 2883 viscere
1822 2826 1999 2900 volgo

338 2921 444 2979 Est
485 2922 635 2980 odor
677 2930 734 2979 et
776 2920 1017 2995 quidam
1059 2923 1225 2980 color
1264 2934 1324 2981 et
1369 2941 1560 2999 sapor,
1607 2932 1666 2980 et
1710 2932 1908 2980 tamen
1952 2940 2025 2980 ex
2064 2920 2155 2978 his

337 3014 630 3073 Omnibus
672 3027 760 3074 est
802 3034 988 3074 unum
1030 3018 1356 3092 perfectum
1398 3016 1658 3093 corporis
1699 3034 1973 3092 augmen,

335 3108 432 3169 Sic
475 3112 635 3170 calor
675 3122 850 3187 atque
892 3131 990 3171 aer
1031 3124 1090 3172 et
1131 3112 1293 3172 venti
1336 3132 1515 3171 caeca
1558 3123 1822 3188 potestas

340 3207 528 3265 Mixta
572 3219 772 3266 creant
816 3227 996 3266 unam
1040 3220 1310 3267 naturam
1353 3218 1413 3267 et
1455 3208 1687 3269 mobilis
1731 3208 1829 3267 illa
2208 3223 2321 3280 270

631 3412 725 3459 240
789 3400 972 3447 nedum
995 3400 1130 3449 Pelle
1144 3414 1161 3449 .·
1195 3401 1441 3465 quaedam
1466 3402 1621 3449 MSS.
1640 3420 1656 3453 .·
1689 3409 1739 3451 et
1763 3401 1914 3450 homo
1937 3403 2007 3451 M
