2684 3867
329 191 403 237 12
989 194 1052 243 T.
1099 193 1426 245 LUCRETI
1472 150 1646 247 CARI

315 337 432 396 Sed
474 337 895 399 communibus
938 337 1090 399 inter
1131 359 1232 399 eas
1274 342 1566 401 conflatur
1608 343 1903 422 utrimque
2194 365 2307 424 335

319 434 591 495 Motibus
632 454 921 497 accensus
963 437 1137 497 nobis
1179 458 1283 515 per
1323 438 1549 501 viscera
1591 462 1816 504 sensus

316 532 625 592 Praeterea
665 552 878 610 corpus
921 553 1028 610 per
1069 554 1132 594 se
1175 555 1289 595 nec
1329 536 1589 614 gignitur
1630 559 1915 616 umquam

318 629 450 687 Nec
489 627 695 688 crescit
738 649 932 707 neque
974 641 1111 707 post
1155 643 1407 691 mortem
1451 635 1660 695 durare
1700 636 1948 697 videtur.

318 726 461 785 Non
503 725 678 795 enim,
724 737 788 786 ut
830 746 1002 786 umor
1041 747 1232 804 aquae
1276 729 1518 790 dimittit
1561 751 1739 809 saepe
1782 752 2061 809 vaporem

319 822 440 897 Qui
481 823 654 882 datus
699 835 802 895 est,
848 843 1045 900 neque
1087 845 1157 885 ea
1199 845 1378 885 causa
1418 829 1768 889 convellitur
1808 829 1953 907 ipse,
2196 850 2311 906 340

317 920 435 980 Sed
476 931 677 981 manet
718 919 1047 994 incolumiS,
1092 942 1232 994 non,
1277 923 1538 1000 inquam,
1585 925 1671 986 sic
1712 925 1931 987 animai

321 1017 651 1078 Discidium
693 1030 942 1095 possunt
983 1031 1142 1080 artus
1183 1023 1440 1097 perferre
1483 1024 1689 1096 relicti,

319 1116 437 1176 Sed
477 1116 714 1193 penitus
754 1131 1002 1194 pereunt
1044 1118 1313 1179 convulsi
1357 1139 1591 1196 conque
1634 1134 1995 1199 putrescunt.

321 1216 413 1273 Ex
451 1212 694 1275 ineunte
733 1234 882 1275 aevo
924 1216 1009 1275 sic
1051 1217 1313 1293 corporis
1357 1229 1538 1293 atque
1580 1219 1801 1279 animai

323 1310 536 1367 Mutua
577 1306 767 1368 vitalis
807 1308 1042 1370 discunt
1084 1310 1362 1387 contagia
1405 1324 1618 1384 motuS‚
2197 1334 2309 1391 345

321 1404 609 1465 Maternis
649 1403 826 1465 etiam
869 1407 1150 1468 membris
1193 1409 1447 1486 alvoque
1488 1421 1745 1486 reposta,

323 1502 652 1563 Discidium
696 1516 761 1563 ut
805 1517 1061 1581 nequeat
1101 1506 1226 1566 fieri
1269 1506 1396 1566 sine
1438 1520 1607 1583 peste
1648 1510 1927 1583 maloque
1946 1528 1965 1582 3

323 1601 411 1661 Ut
448 1599 667 1674 videaS,
712 1603 991 1677 quoniam
1038 1602 1411 1663 coniunctast
1453 1597 1647 1664 causa'
1686 1606 1909 1677 salutiS,

321 1698 719 1759 Coniunctam
761 1718 1000 1776 quoque
1043 1711 1313 1760 naturam
1359 1701 1682 1761 consistere
1724 1721 1947 1762 eorum.

401 1798 582 1873 Quod
615 1808 904 1881 superest,
947 1797 1130 1875 siquis
1173 1818 1389 1874 corpus
1432 1800 1647 1858 sentire
1689 1801 1902 1859 refutat
2196 1820 2312 1877 350

320 1897 518 1970 Atque
560 1894 820 1953 animam
863 1894 1051 1955 credit
1093 1894 1445 1970 permixtam
1488 1914 1734 1971 corpore
1778 1906 1909 1955 toto

323 1991 630 2067 Suscipere
672 1992 833 2050 hunc
875 2000 1106 2050 motum
1146 2010 1326 2067 quem
1374 2010 1611 2050 sensum
1656 1990 2097 2064 nominitamuS,

320 2088 435 2146 Vel
475 2085 812 2147 manifestas
852 2106 943 2148 res
986 2099 1196 2147 contra
1235 2107 1524 2163 verasque
1566 2099 1869 2165 repugnat.

323 2180 485 2257 Quid
527 2180 598 2240 sit
641 2182 798 2241 enim
840 2201 1057 2258 corpus
1099 2182 1314 2242 sentire
1358 2182 1491 2258 quis
1532 2184 1758 2243 adferet
1800 2202 2101 2259 umquam,

322 2277 384 2339 Si
426 2297 550 2337 non
590 2277 717 2355 ipsa
757 2279 953 2354 palam
997 2280 1162 2354 quod
1205 2297 1296 2337 res
1339 2278 1507 2338 dedit
1549 2298 1621 2338 ac
1662 2278 1867 2339 docuit
1910 2282 2064 2339 nos?
2195 2298 2308 2357 355

322 2378 404 2434 At
444 2374 688 2435 dimissa
727 2374 928 2433 anima
967 2394 1181 2452 corpus
1224 2386 1385 2435 caret
1426 2374 1688 2451 undique
1732 2395 1947 2449 sensu3

323 2470 526 2532 Perdit
566 2470 724 2531 enim
770 2473 929 2548 quod
973 2490 1093 2531 non
1137 2471 1441 2548 proprium
1483 2471 1591 2531 fuit
1620 2471 1759 2532 eius
1800 2471 1864 2532 in
1905 2492 2066 2533 aevo.

327 2571 637 2645 Multaque
678 2581 978 2645 praeterea
1017 2567 1211 2645 perdit
1252 2587 1391 2626 cum
1432 2568 1742 2644 expellitur
1782 2588 1946 2628 aevo,

326 2670 540 2729 Dicere
580 2687 757 2745 porro
798 2669 1004 2728 oculos
1047 2668 1272 2726 nullam
1313 2686 1440 2726 rem
1484 2686 1722 2727 cernere
1764 2686 1961 2745 posse,

323 2768 441 2828 Sed
484 2786 589 2843 per
627 2786 730 2827 eos
772 2766 1036 2825 animum
1079 2776 1146 2825 ut
1185 2766 1411 2826 foribus
1452 2779 1717 2843 spectare
1759 2768 2015 2840 reclusiS,
2199 2771 2313 2844 360

328 2864 656 2938 Difficilest,
700 2876 907 2925 contra
947 2884 1084 2924 curn
1129 2884 1336 2923 sensus
1380 2863 1539 2923 dicat
1582 2885 1825 2938 eorum;

326 2964 546 3023 Sensus
587 2961 744 3021 enim
789 2960 964 3021 trahit
1005 2972 1184 3037 atque
1227 2959 1385 3019 acies
1427 2960 1685 3021 detrudit
1727 2963 1806 3020 ad
1847 2961 2005 3038 ipsas
2025 2985 2043 3037 3

327 3060 578 3138 Fulgida
616 3058 955 3135 praesertim
1000 3079 1137 3118 cum
1180 3079 1420 3118 cernere
1464 3078 1643 3136 saepe
1685 3059 2018 3135 nequimuS,

326 3157 579 3215 Lumina
619 3154 938 3216 luminibus
981 3155 1120 3229 quia
1161 3158 1338 3215 nobis
1382 3154 1862 3232 praepediuntur.

325 3256 504 3330 Quod
533 3255 756 3315 foribus
785 3274 904 3314 non
935 3256 1000 3314 fit
1021 3277 1037 3328 ;
1081 3274 1277 3330 neque
1307 3254 1484 3326 enim,
1517 3254 1656 3331 quia
1683 3253 1977 3313 cernimus
2006 3253 2135 3329 ipsi,
2199 3259 2309 3330 365

423 3388 516 3447 358
581 3385 829 3449 perditum
859 3385 1125 3449 expellitur
1147 3400 1273 3434 aevo
1297 3400 1449 3449 quam
1473 3386 1663 3435 MSS.:
1697 3384 1858 3448 perdit
1882 3400 2031 3447 quam
2055 3387 2315 3449 expellitur

324 3472 438 3513 ante
459 3464 534 3513 M
