2684 3867
696 193 796 243 DE
843 194 1105 245 RERUM
1155 196 1469 247 NATURA
1514 198 1735 247 LIBER
1782 199 1884 248 111.
2207 205 2281 267 17

291 341 535 411 Turbat,
600 360 780 418 agens
840 342 1098 403 animam
1157 357 1410 421 spumat,
1473 346 1643 422 quasi
1714 347 1774 404 in
1844 365 2100 421 aequore

449 438 604 497 salso
1133 456 1160 477 ¹·

294 536 620 593 Ventorum
661 534 873 595 validis
916 537 1249 597 fervescunt
1290 536 1511 598 viribus
1552 540 1763 597 undae.

291 632 651 708 Exprimitur
687 652 862 712 porro
905 633 1173 710 gemitus,
1221 635 1364 712 quia
1404 638 1669 695 membra
1710 636 1915 695 dolore
2166 654 2277 713 495

288 729 678 801 Adficiuntur,
722 742 780 789 et
823 730 1068 791 omnino
1111 734 1275 808 quod
1316 732 1544 792 semina
1583 732 1747 792 vocis

291 828 598 887 Eiciuntur
639 840 697 887 et
739 848 842 888 ore
882 830 1038 888 foras
1079 831 1405 905 glomerata
1445 831 1720 904 feruntur,

291 926 428 1000 Qua
468 922 638 1001 quasi
679 936 1038 985 consuerunt
1081 936 1140 984 et
1181 936 1318 985 sunt
1362 927 1589 986 munita
1631 925 1758 985 viai.

238 1007 244 1013 “
291 1020 660 1099 Desipientia
701 1023 782 1094 fit,
827 1021 966 1099 quia
1006 1021 1093 1081 vis
1135 1022 1317 1082 animi
1359 1037 1540 1100 atque
1581 1023 1799 1083 animai

291 1120 689 1180 Conturbatur
728 1130 804 1192 et,
849 1132 914 1180 ut
955 1119 1148 1192 docui,
1194 1120 1381 1180 divisa
1420 1140 1683 1181 seorsum
2158 1142 2275 1199 500

292 1215 650 1276 Disiectatur
690 1217 905 1276 eodem
947 1217 1049 1277 illo
1093 1218 1371 1277 distracta
1411 1238 1659 1277 veneno,

293 1317 445 1374 Inde
487 1314 590 1374 ubi
631 1314 749 1372 iam
792 1314 981 1374 morbi
1021 1313 1245 1375 reflexit
1286 1335 1480 1387 causa,
1525 1317 1797 1394 reditque

293 1417 366 1472 In
408 1413 658 1472 latebras
700 1432 835 1473 acer
875 1413 1133 1491 corrupti
1176 1414 1438 1491 corporis
1481 1434 1669 1485 umor,

289 1514 344 1570 T
348 1532 447 1571 um
492 1510 660 1587 quasi
700 1510 1014 1569 vaccillans
1056 1510 1312 1588 primurn
1357 1510 1674 1586 consurgit,
1721 1520 1781 1569 et
1826 1508 2020 1569 omnis

294 1607 584 1667 Paulatim
627 1606 778 1667 redit
820 1606 882 1665 in
924 1627 1130 1667 sensus
1173 1608 1553 1683 animamque
1594 1618 1873 1683 receptat.
2166 1622 2276 1681 505

295 1707 468 1764 Haec
509 1704 684 1781 igitur
724 1704 898 1763 tantis
943 1704 1040 1764 ubi
1085 1704 1304 1765 morbis
1345 1724 1595 1781 corpore
1638 1704 1701 1763 in
1739 1704 1870 1781 ipso

295 1804 593 1861 Iactentur
633 1800 976 1876 miserisque
1017 1800 1212 1860 modis
1254 1802 1538 1860 distracta
1577 1801 1863 1870 laborent,

292 1898 415 1959 Cur
454 1897 662 1956 eadem
705 1896 896 1957 credis
938 1896 1064 1957 sine
1108 1916 1355 1975 corpore
1397 1896 1455 1955 in
1501 1916 1637 1956 aere
1677 1909 1881 1973 aperto

293 1996 448 2055 Cum
491 1992 698 2053 validis
740 1994 929 2053 ventis
971 2006 1224 2053 aetatem
1270 1996 1484 2071 degere
1527 1998 1749 2071 posse?

293 2093 371 2150 Et
413 2090 695 2167 quoniam
739 2103 1002 2151 mentem
1045 2090 1252 2164 sanari,
1295 2109 1511 2167 corpus
1554 2102 1618 2149 ut
1661 2110 1918 2167 aegrum,
2169 2108 2283 2165 510

295 2188 624 2261 Cernimus,
669 2199 728 2248 et
770 2190 925 2248 flecti
969 2187 1266 2249 medicina
1304 2208 1482 2266 posse
1522 2188 1809 2260 videmus,

295 2287 368 2344 Id
413 2303 648 2361 quoque
690 2284 982 2361 praesagit
1025 2286 1331 2344 mortalem
1376 2283 1571 2344 vivere
1613 2296 1889 2343 mentem.

295 2384 533 2441 Addere
575 2384 734 2440 enim
777 2382 958 2458 partis
1000 2393 1104 2441 aut
1145 2381 1354 2441 ordine
1397 2381 1639 2441 traicere
1680 2390 1992 2455 aequumst

297 2486 416 2542 Aut
457 2480 679 2557 aliquid
721 2500 990 2557 prorsum
1035 2482 1110 2541 de
1154 2500 1388 2540 summa
1429 2482 1733 2541 detrahere
1776 2478 1980 2551 hilum,

295 2581 677 2639 Commutare
717 2578 982 2637 animum
1025 2577 1387 2655 quicumque
1428 2578 1690 2638 adoritur
1732 2589 1791 2636 et
1832 2576 1977 2647 infit,
2163 2594 2279 2652 515

294 2677 420 2734 Aut
458 2674 633 2734 aliam
673 2674 942 2750 quamvis
985 2686 1253 2734 naturam
1295 2676 1531 2735 flectere
1574 2673 1817 2751 quaerit.

297 2775 376 2830 At
417 2791 612 2847 neque
653 2770 948 2831 transferri
989 2769 1100 2831 sibi
1140 2771 1322 2849 partis
1364 2791 1475 2831 nec
1519 2772 1694 2831 tribui
1737 2772 1860 2829 vult

297 2870 617 2928 Inmortale
659 2869 824 2944 quod
867 2880 956 2928 est
999 2868 1314 2945 quicquam
1358 2889 1559 2946 neque
1600 2870 1859 2929 defluere
1899 2866 2099 2925 hilum.

297 2967 456 3024 Nam
497 2968 916 3042 quodcumque
959 2965 1080 3025 suis
1122 2977 1411 3025 mutatum
1456 2966 1671 3025 finibus
1714 2964 1849 3037 exit,

296 3062 598 3124 Continuo
640 3064 757 3122 hoc
799 3082 957 3123 mors
999 3074 1088 3122 est
1129 3062 1283 3121 illius
1325 3062 1491 3136 quod
1531 3062 1640 3120 fuit
1680 3072 1838 3120 ante.
2171 3075 2287 3134 5²0

297 3162 453 3237 Ergo
493 3159 724 3220 animus
768 3160 889 3221 sive
932 3160 1226 3237 aegrescit,
1276 3158 1543 3219 mortalia
1586 3158 1754 3234 signa

301 3258 505 3330 Mittit,
544 3258 631 3317 uti
672 3257 867 3329 docui,
913 3277 1017 3316 seu
1061 3256 1309 3316 flectitur
1350 3276 1387 3314 a
1427 3255 1741 3315 medicina.

299 3354 508 3429 Usque
550 3355 704 3414 adeo
745 3355 929 3413 falsae
970 3352 1184 3413 rationi
1224 3372 1361 3412 vera
1401 3352 1633 3411 videtur

263 3448 423 3511 'Res
462 3470 767 3511 occurrere
811 3462 871 3511 et
906 3448 1192 3527 effugium
1236 3451 1617 3527 praecludere
1663 3446 1846 3520 eunti,

457 3580 518 3624 D.
551 3581 604 3623 L.
635 3582 724 3625 111.
2095 3577 2128 3619 2
