2684 3867
355 177 432 237 16
1009 191 1068 239 T.
1121 190 1443 242 LUCRETI
1490 194 1661 245 CARI

347 333 442 394 Sic
481 335 742 395 animum
786 354 955 395 curas
999 334 1144 394 acris
1185 337 1527 415 luctumque
1570 352 1947 418 metumque3

349 435 546 508 Quare
587 431 934 507 participem
977 431 1079 491 leti
1120 452 1363 509 quoque
1404 436 1681 497 convenit
1723 458 1867 499 esse.
2206 444 2317 514 462

350 532 505 587 Nam
548 530 718 589 dolor
758 548 828 587 ac
870 529 1110 587 morbus
1153 527 1255 587 leti
1296 529 1611 590 fabricator
1651 544 1966 611 uterquest,
2206 554 2318 609 472

350 628 673 685 Multorum
717 624 893 685 exitio
933 626 1198 703 perdocti
1242 629 1408 702 quod
1450 648 1651 687 sumus
1692 641 1846 689 ante.
2206 651 2321 707 473

349 722 509 799 Quin
553 722 728 782 etiam
773 721 992 781 morbis
1031 722 1093 780 in
1137 724 1399 798 corporis
1442 721 1603 783 avius
1646 737 1797 784 errat
2207 732 2321 803 463

347 823 536 898 Saepe
576 818 806 878 animus
816 839 835 890 3
880 817 1167 878 dementit
1211 818 1369 877 enim
1412 818 1709 897 deliraque
1750 823 1902 881 fatur

350 918 774 991 Interdumque
815 915 972 991 gravi
1013 916 1276 992 lethargo
1319 918 1511 977 fertur'
1538 916 1598 976 in
1639 920 1823 977 altum
2207 924 2317 997 465

349 1020 798 1089 Aeternumque,
831 1032 1106 1089 soporem
1149 1014 1335 1073 oculis
1378 1028 1638 1091 nutuque
1680 1016 1933 1085 cadenti,

351 1114 532 1173 Unde
571 1130 766 1186 neque
808 1111 1047 1169 exaudit
1090 1129 1284 1183 voceS‚
1329 1130 1441 1171 nec
1482 1131 1725 1171 noscere
1766 1113 1959 1171 voltus

353 1211 596 1269 Illorum
639 1206 796 1283 potis
839 1216 944 1275 est,
987 1205 1065 1265 ad
1105 1204 1286 1263 vitam
1330 1204 1432 1281 qui
1472 1218 1815 1266 revocantes

353 1306 746 1367 Circumstant
786 1301 1040 1361 lacrimis
1081 1314 1341 1361 rorantes
1387 1322 1488 1361 ora
1528 1322 1840 1379 genasque.

353 1406 550 1479 Quare
589 1401 851 1460 animum
895 1418 1135 1476 quoque
1177 1399 1420 1459 dissolui
1462 1401 1681 1459 fateare
1725 1411 2038 1473 necessest,
2213 1417 2329 1474 470

352 1499 855 1577 Quandoquidem
897 1509 1208 1573 penetrant
1249 1498 1311 1555 in
1352 1516 1487 1556 eum
1532 1496 1803 1573 contagia
1842 1498 2049 1557 morbi.

354 1597 631 1674 Denique
671 1616 788 1667 cur,
833 1594 1135 1653 hominem
1179 1613 1313 1653 cum
1356 1592 1476 1652 vini
1516 1590 1603 1652 vis
1645 1592 1971 1669 penetravit
2215 1596 2330 1666 476

352 1694 536 1767 AcriS,
580 1704 640 1753 et
679 1692 741 1752 in
781 1711 961 1752 venas
1003 1690 1272 1750 discessit
1312 1689 1534 1749 diditus
1576 1689 1767 1764 ardor,

355 1789 752 1865 Consequitur
791 1790 1040 1865 gravitas
1084 1790 1502 1860 membrorum,
1546 1786 2008 1863 praepediuntur

355 1892 540 1950 Crura
577 1885 889 1957 vacillanti,
937 1884 1213 1945 tardescit
1255 1885 1473 1961 lingua,
1518 1884 1720 1944 madet
1762 1904 1945 1955 mem,

357 1989 518 2046 Nant
561 1984 732 2055 oculi,
775 1985 1015 2055 clamor,
1059 1984 1362 2060 singultuS,
1408 1982 1594 2057 iurgia
1633 1980 1930 2058 gliscunt?
2219 1985 2335 2054 480

357 2086 433 2143 Et
474 2083 591 2141 iam
633 2092 828 2141 cetera
867 2081 945 2143 de
984 2100 1198 2158 genere
1239 2082 1358 2141 hoc
1400 2097 1814 2157 quaecumque
1853 2089 2148 2149 secuntur,

359 2184 478 2243 Cur
519 2201 591 2241 ea
629 2191 780 2251 sunt,
826 2179 938 2238 nisi
980 2180 1143 2255 quod
1184 2198 1429 2238 vemens
1472 2176 1757 2237 violentia
1798 2176 1936 2261 vini·

357 2280 726 2343 Conturbare
767 2278 1025 2338 animam
1069 2277 1373 2338 consuevit
1414 2295 1659 2353 corpore
1698 2273 1761 2334 in
1802 2274 1981 2350 ipso?

362 2380 439 2437 At
478 2393 886 2453 quaecumque
928 2386 1153 2451 queunt
1195 2372 1530 2434 conturbari
1571 2372 1753 2448 inque
1791 2368 1996 2448 pediti,

359 2475 713 2550 Significant,
757 2475 936 2549 paulo
978 2472 1028 2531 si
1069 2470 1291 2530 durior.
1311 2468 1620 2530 insinuarit
2224 2467 2336 2539 485

362 2572 570 2643 Causa,
613 2573 738 2631 fore
779 2582 842 2629 ut
883 2580 1126 2647 pereant
1168 2588 1317 2629 aevo
1359 2567 1587 2646 privata
1627 2569 1838 2627 futuro.

363 2668 523 2742 Quin
566 2667 740 2727 etiam
785 2666 982 2727 subito
1024 2666 1083 2725 vi
1126 2666 1318 2725 morbi
1364 2684 1539 2742 saepe
1581 2675 1821 2723 coactus

362 2768 518 2824 Ante
559 2766 762 2823 oculos
801 2762 1012 2839 aliquis
1055 2773 1306 2833 nostrOS,
1353 2772 1416 2819 ut
1464 2758 1722 2819 fulminis
1777 2758 1913 2829 ictu,

362 2859 639 2923 Concidit
681 2872 740 2921 et
781 2878 1020 2937 spumas
1061 2857 1198 2935 agit,
1243 2856 1486 2933 ingemit
1528 2866 1588 2915 et
1630 2853 1824 2913 tremit
1867 2862 2041 2924 πως,

364 2958 613 3034 Desipit,
656 2970 917 3019 extentat
960 2976 1188 3026 nerv05,
1233 2963 1554 3031 torquetur,
1599 2953 1837 3011 anhelat
2228 2966 2345 3027 490

364 3056 794 3125 Inconstanter,
837 3065 897 3113 et
938 3052 1000 3111 in
1042 3052 1320 3111 iactando
1363 3049 1629 3108 membra
1668 3046 1889 3123 fatigat.

366 3151 658 3210 Nimirum
700 3150 840 3226 quia
881 3150 968 3209 vis
1010 3148 1201 3209 morbi
1243 3148 1523 3207 distracta
1563 3164 1669 3222 per
1710 3159 1868 3203 artus

526 3379 639 3430 472»
663 3378 757 3431 473
791 3384 878 3416 are
890 3367 1065 3429 placed
1079 3366 1191 3414 here
1211 3366 1270 3427 by
1299 3364 1545 3412 Gimsam'

526 3449 676 3511 After
697 3464 790 3511 492
814 3450 1023 3509 Brieger
1040 3454 1258 3509 supposes
1279 3462 1312 3493 a
1334 3460 1469 3493 verse
1488 3446 1609 3493 lost:
1633 3444 1723 3508 for
1740 3442 1815 3492 vis
1835 3442 1895 3492 he
1914 3442 2051 3490 reads·
2071 3440 2121 3489 vi
