2684 3867
674 199 774 248 DE
823 200 1088 251 RERUM
1137 201 1449 252 NATURA
1496 202 1718 252 LIBER
1766 203 1867 254 111.
2228 203 2259 269 5

276 344 582 404 Praeterea
624 344 789 405 molli
831 366 968 405 cum
1011 366 1225 407 somno
1270 347 1477 407 dedita
1519 350 1786 409 membra

273 442 661 518 Effusumque
704 442 857 503 iacet
898 442 1026 503 sine
1069 464 1245 503 sensu
1287 464 1505 521 corpus
1548 457 1847 518 onustum,

271 538 378 595 Est
419 536 579 596 aliud
623 550 822 598 tamen
864 538 925 600 in
967 540 1160 611 nobiS,
1206 543 1373 617 quod
1417 552 1683 618 tempore
1726 544 1787 601 in
1830 543 1933 603 illo

271 634 645 696 Multimodis
687 636 941 714 agitatur
981 650 1040 697 et
1084 638 1278 698 omnis
1320 638 1537 715 accipit
1579 639 1641 698 in
1685 660 1749 700 se
2152 662 2257 719 115

269 733 557 794 Laetitiae
598 747 794 795 motus
836 748 895 795 et
936 755 1102 795 curas
1146 735 1341 796 cordis
1385 736 1596 797 inanis.

270 832 450 891 Nunc
490 830 752 891 animam
795 852 1034 909 quoque
1079 843 1142 892 ut
1184 835 1246 892 in
1288 835 1568 895 membris
1611 855 1971 913 cognoscere
2013 836 2202 912 possis

270 928 431 1001 Esse,
477 946 673 1004 neque
713 927 1022 989 harmonia
1063 950 1277 1008 corpus
1320 931 1537 991 sentire
1581 935 1786 1004 solere,

270 1023 568 1103 Principio
607 1028 673 1086 fit
715 1025 800 1086 uti
843 1028 1109 1087 detracto
1153 1048 1403 1106 corpore
1445 1031 1634 1090 multo

267 1125 455 1201 Saepe
499 1136 697 1183 tamen
741 1124 914 1183 nobis
959 1125 1019 1184 in
1062 1126 1342 1186 membris
1385 1124 1505 1187 vita
1546 1138 1841 1201 moretur3
2146 1149 2257 1187 120

266 1224 466 1299 Atque
507 1222 717 1282 eadem
759 1242 1005 1294 rursum,
1048 1243 1186 1282 cum
1227 1244 1478 1301 corpora
1520 1244 1709 1301 pauca
1751 1226 1957 1285 caloris

268 1318 567 1395 Diffugere
608 1321 881 1395 forasque
923 1339 1028 1396 per
1069 1340 1137 1379 os
1179 1332 1268 1379 est
1311 1322 1505 1381 editus
1547 1341 1661 1395 aer,

267 1414 502 1474 Deserit
543 1417 841 1491 extemplo
885 1434 1064 1473 venas
1107 1426 1284 1491 atque
1327 1435 1462 1476 ossa
1507 1416 1819 1494 relinquit3

265 1514 530 1571 Noscere
573 1523 638 1571 ut
679 1512 819 1570 hinc
859 1511 1053 1587 possis
1095 1532 1217 1572 non
1259 1531 1480 1590 aequas
1524 1514 1725 1574 omnia
1767 1515 1946 1591 partis

264 1610 530 1685 Corpora
568 1609 784 1669 habere
825 1628 1020 1685 neque
1063 1628 1136 1669 ex
1175 1628 1371 1686 aequo
1413 1610 1616 1671 fulcire
1658 1612 1925 1683 salutem,
2142 1634 2247 1693 125

263 1709 380 1767 Sed
422 1706 607 1783 magis
648 1707 813 1778 haec,
858 1706 1018 1768 venti
1061 1726 1215 1784 quae
1256 1719 1396 1767 sunt
1438 1709 1735 1786 calidique
1775 1710 2011 1786 vaporis

264 1805 516 1879 Semina,
561 1825 760 1866 curare
803 1805 866 1863 in
909 1805 1189 1865 membris
1234 1817 1296 1865 ut
1338 1806 1460 1866 vita
1501 1818 1777 1868 moretur.

264 1905 372 1962 Est
411 1902 585 1980 igitur
625 1905 786 1963 calor
827 1922 898 1960 ac
943 1914 1152 1962 ventus
1196 1903 1390 1963 vitalis
1431 1904 1492 1962 in
1535 1904 1667 1982 ipso

264 2000 546 2075 Corpore,
593 1999 693 2076 qui
737 1998 908 2059 nobis
950 1999 1340 2059 moribundos
1383 1999 1601 2061 deserit
1643 2014 1819 2061 artuS.

263 2099 640 2175 Quapropter
679 2097 962 2174 quoniam
1007 2109 1095 2157 est
1135 2097 1316 2156 animi
1359 2109 1567 2158 natura
1608 2111 1838 2175 reperta
2141 2121 2251 2175 130

261 2197 458 2271 Atque
499 2192 729 2254 animae
771 2192 935 2270 quasi
978 2213 1110 2269 pars
1152 2193 1428 2267 hominis,
1473 2196 1656 2255 redde
1700 2193 2026 2254 harmoniai

262 2292 520 2362 Nomen,
565 2291 641 2349 ad
683 2290 988 2366 organicos
1031 2293 1152 2349 alto
1193 2289 1457 2349 delatum
1504 2290 1825 2363 Heliconi3

261 2388 394 2448 Sive
435 2387 673 2447 aliunde
715 2387 827 2464 ipsi
869 2407 1046 2463 porro
1090 2397 1314 2447 traxere
1360 2398 1417 2446 et
1460 2386 1520 2445 in
1562 2387 1723 2446 illam

259 2486 314 2543 T
315 2486 726 2555 ranstulerunt,
769 2483 1010 2560 proprio
1051 2501 1204 2559 quae
1247 2494 1375 2542 turn
1418 2502 1509 2543 res
1551 2483 1793 2544 nomine
1836 2484 2060 2560 egebat.

261 2579 569 2656 Quidquid
611 2579 672 2639 id
714 2593 822 2651 est,
866 2581 1160 2640 habeant:
1205 2591 1268 2640 tu
1311 2594 1508 2640 cetera
1549 2581 1789 2658 percipe
1830 2580 2004 2641 dicta.
2140 2600 2246 2659 135

342 2679 398 2735 N
403 2697 518 2736 unc
559 2676 821 2736 animum
864 2689 1043 2754 atque
1085 2677 1342 2737 animam
1386 2678 1522 2737 dico
1565 2678 1884 2738 coniuncta
1926 2680 2109 2740 teneri

261 2777 424 2835 Inter
464 2795 527 2835 se
568 2786 747 2851 atque
790 2793 970 2833 unam
1013 2785 1281 2833 naturam
1323 2775 1615 2834 conficere
1658 2794 1732 2833 ex
1771 2794 1852 2845 se,

261 2873 380 2931 Sed
424 2882 602 2948 caput
645 2892 773 2931 esse
815 2871 985 2949 quasi
1027 2883 1088 2931 et
1128 2871 1425 2931 dominari
1466 2871 1526 2930 in
1570 2891 1818 2948 corpore
1860 2884 1988 2933 toto

259 2968 607 3040 Consilium,
653 2969 817 3046 quod
858 2989 971 3029 nos
1013 2969 1278 3029 animum
1321 2980 1705 3044 mentemque
1747 2989 2041 3029 vocamus

257 3068 450 3143 quue
492 3065 668 3126 situm
712 3066 910 3129 media
949 3067 1190 3144 regione
1232 3066 1292 3125 in
1333 3067 1591 3143 pectoris
1633 3069 1849 3128 haeret.
2136 3091 2246 3143 140

258 3164 382 3222 Hic
424 3165 644 3223 exultat
685 3164 844 3224 enirn
886 3185 1070 3241 pavor
1110 3184 1182 3224 ac
1226 3176 1435 3236 metuS,
1480 3167 1629 3224 haec
1670 3166 1803 3225 loca
1845 3165 2064 3225 circum

255 3256 542 3317 Laetitiae
583 3259 845 3319 mulcent
864 3280 882 3333 ;
923 3258 1021 3319 hic
1061 3277 1201 3335 ergo
1244 3278 1413 3318 mens
1454 3258 1876 3335 animusquest.

255 3355 469 3416 Cetera
511 3373 644 3430 pars
685 3354 919 3415 animae
961 3373 1066 3430 per
1108 3363 1299 3413 toturn
1340 3353 1547 3414 dissita
1586 3373 1803 3431 corpus

257 3454 445 3526 Paret,
494 3463 554 3513 et
595 3452 673 3511 ad
714 3470 941 3511 numen
983 3452 1200 3511 mentis
1241 3470 1606 3528 momenque
1648 3464 1930 3513 movetur.
