2684 3867
385 172 468 237 30
1040 171 1103 221 T.
1151 173 1477 224 LUCRETI
1524 174 1698 224 CARI

384 314 643 393 Optima,
688 337 800 377 nec
841 319 1048 379 dulces
1089 331 1399 380 occurrent
1440 321 1646 379 oscula
1686 318 1810 379 nati
2254 322 2367 393 895

385 414 718 490 Praeripere
756 427 817 475 et
862 415 1039 475 tacita
1080 428 1288 491 pectus
1333 416 1651 477 dulcedine
1697 428 1958 494 tangent.

387 512 527 569 Non
559 510 779 587 poteris
822 511 991 571 factis
1033 513 1383 572 florentibus
1426 496 1573 586 esse,
1620 512 1854 590 tuisque

385 606 767 666 Praesidium.
855 608 1078 669 Misero
1121 608 1332 669 misere
1352 612 1365 636 '
1408 609 1575 669 aiunt
1621 608 1854 669 ‘omnia
1894 608 2117 669 ademit

387 703 529 763 Una
570 702 696 762 dies
738 702 950 762 infesta
992 704 1099 764 tibi
1140 715 1230 765 tot
1271 705 1538 782 praemia
1578 705 1772 765 vitae!

389 802 548 860 Illud
586 800 649 860 in
691 800 782 860 his
821 802 996 861 rebus
1037 821 1159 860 non
1201 804 1469 862 addunt:
1510 809 1656 863 ‘nec
1699 802 1807 862 tibi
1849 821 2051 862 earum
2260 822 2374 878 900

389 898 519 955 Iam
561 893 916 955 desiderium
958 916 1151 956 rerum
1193 917 1371 973 super
1411 897 1631 957 insidet
1672 900 1829 957 una!

388 994 570 1067 Quod
612 995 764 1053 bene
806 993 856 1053 si
894 993 1135 1055 videant
1176 995 1380 1054 animo
1422 995 1714 1071 dictisque
1754 1005 2095 1070 sequantur,

390 1092 735 1151 Dissoluant
775 1092 956 1152 animi
997 1114 1218 1171 magno
1261 1114 1324 1153 se
1366 1113 1586 1171 angore
1628 1105 1929 1169 metuque.

391 1194 519 1250 ‘Tu
561 1190 804 1268 quidem
847 1202 913 1250 ut
955 1211 1018 1251 es
1060 1193 1181 1252 leto
1223 1192 1468 1268 sopituS,
1514 1191 1598 1251 sic
1641 1190 1773 1266 eris,
1815 1190 1948 1249 aevi

390 1288 571 1363 Quod
611 1299 890 1365 superest,
935 1291 1161 1348 cunctis
1204 1288 1452 1365 privatu'
1494 1288 1799 1348 doloribus
1841 1286 2044 1365 aegris.
2260 1302 2372 1361 905

388 1388 468 1444 At
509 1406 618 1446 nos
659 1386 928 1445 horrifico
971 1386 1326 1447 cinefactum
1371 1399 1431 1447 te
1488 1406 1677 1463 prope
1719 1388 1898 1446 busto

390 1480 806 1542 Insatiabiliter
845 1481 1207 1556 deflevimuS,
1251 1494 1681 1560 aeternumque

390 1579 571 1637 Nulla
609 1579 737 1638 dies
779 1577 952 1637 nobis
992 1598 1319 1638 maerorem
1363 1598 1397 1637 e
1438 1590 1679 1655 pectore
1720 1579 1961 1638 demet.'

392 1674 549 1733 Illud
589 1675 666 1733 ab
706 1675 822 1733 hoc
869 1672 1043 1751 igitur
1083 1676 1488 1751 quaerendum
1532 1685 1638 1746 est,
1681 1673 1828 1749 quid
1870 1673 1945 1733 sit
1985 1672 2169 1733 amari

389 1772 586 1829 Tanto
627 1788 823 1846 opere,
866 1770 943 1828 ad
987 1788 1264 1829 somnum
1307 1770 1357 1829 si
1397 1789 1490 1829 res
1531 1770 1682 1829 redit
1724 1780 1905 1845 atque
1947 1770 2224 1847 quietem,

273 1868 514 1970 *Cur
553 1868 863 1943 quisquam
905 1878 1146 1927 aeterno
1186 1868 1373 1943 possit
1415 1869 1717 1928 tabescere
1758 1868 1936 1927 luctu.
2260 1887 2371 1942 911

392 1966 522 2025 Nec
561 1965 672 2024 sibi
715 1964 873 2024 enim
917 1964 1230 2041 quisquam
1274 1978 1399 2025 tum
1445 1986 1509 2026 se
1549 1966 1849 2043 vitamque
1891 1965 2147 2040 requirit,
2260 1985 2375 2040 919

296 2048 546 2133 [Cum
587 2063 804 2140 pariter
841 2083 1010 2123 mens
1052 2076 1111 2123 et
1153 2083 1369 2141 corpus
1414 2063 1610 2141 sopita
1652 2063 1981 2140 quiescunt.
2261 2082 2377 2137 920

392 2161 551 2219 Nam
591 2160 730 2220 licet
771 2170 1075 2220 aeternum
1119 2179 1223 2236 per
1266 2180 1378 2220 nos
1421 2161 1507 2221 sic
1550 2181 1678 2221 esse
1720 2179 2014 2236 soporem,

392 2260 521 2317 Nec
561 2257 918 2319 desiderium
963 2260 1143 2318 nostri
1187 2278 1297 2318 nos
1339 2258 1543 2318 adficit
1585 2259 1789 2317 ullum.

393 2357 469 2414 Et
510 2365 712 2415 tamen
750 2357 1213 2434 haudquaquam
1254 2369 1489 2418 nostros
1533 2368 1675 2416 tunc
1716 2356 1818 2415 illa
1861 2374 1966 2431 per
2008 2367 2165 2413 artus

392 2455 598 2531 Longe
638 2455 715 2513 ab
757 2453 1049 2513 sensiferis
1091 2453 1414 2529 primordia
1463 2454 1725 2513 motibus
1769 2464 1990 2524 errant,·

393 2552 545 2611 Cum
588 2562 890 2627 correptus
932 2552 1116 2611 horno
1158 2571 1229 2610 ex
1271 2571 1487 2611 somno
1528 2571 1592 2611 se
1634 2550 1857 2627 colligit
1901 2549 2043 2626 ipse.
2265 2566 2379 2625 9²5

394 2650 590 2708 Multo
631 2647 805 2725 igitur
845 2661 1094 2709 mortem
1138 2648 1337 2708 minus
1379 2653 1457 2710 ad
1500 2669 1610 2710 nos
1654 2668 1783 2708 esse
1828 2648 2232 2723 putandumst,

393 2746 455 2807 Si
496 2745 693 2805 minus
734 2766 863 2806 esse
905 2758 1100 2823 potest
1142 2767 1320 2823 quam
1364 2747 1527 2823 quod
1571 2746 1653 2805 nil
1696 2764 1825 2805 esse
1866 2746 2135 2804 videmus
2153 2765 2172 2817 3

394 2842 591 2903 Maior
629 2842 787 2903 enim
830 2844 1034 2903 turbae
1077 2842 1359 2904 disiectus
1400 2840 1666 2902 materiai
1799 2840 1807 2847 ”

393 2938 793 3015 Consequitur
834 2941 971 3011 let0‚
1018 2959 1128 3000 nec
1170 2940 1485 3017 quisquam
1530 2936 1862 3015 expergitus
1905 2948 2113 3009 exstat,

393 3035 628 3114 Frigida
669 3056 846 3112 quem
889 3038 1076 3097 semel
1116 3050 1207 3098 est
1250 3037 1392 3096 vitai
1437 3055 1623 3112 pausa
1663 3047 1882 3095 secuta.
2270 3055 2393 3110 930

352 3130 409 3143 ““
469 3138 615 3203 Hoc
656 3133 833 3193 etiam
876 3134 1098 3194 faciunt
1141 3137 1243 3195 ubi
1287 3135 1637 3193 discubuere
1679 3143 2005 3209 tenentque
2232 3206 2248 3214 ἢ
2270 3152 2389 3207 912
2414 3170 2478 3184 -

395 3230 618 3290 Pocula
659 3248 839 3304 saepe
882 3230 1155 3289 homines
1197 3241 1257 3289 et
1298 3230 1641 3289 inumbrant
1683 3247 1786 3288 ora
1828 3228 2081 3300 coroniS,
2259 3212 2459 3253 N.

397 3329 488 3384 Ex
527 3324 727 3384 animo
769 3337 833 3384 ut
876 3326 1114 3385 dicant:
1161 3325 1386 3385 ‘brevis
1427 3327 1525 3384 hic
1567 3338 1655 3385 est
1698 3326 1920 3385 fructus
1963 3324 2282 3399 homullis;

866 3461 1124 3511 919—930
1155 3464 1240 3496 are
1253 3449 1434 3510 placed
1452 3448 1564 3497 kere
1584 3449 1644 3512 by
1666 3449 1921 3498 Susemihl
