2684 3867
411 190 490 254 32
911 188 914 191 ’
1071 189 1133 238 Τ.
1182 152 1506 240 Lucum-1
1553 191 1727 241 CARI

411 334 748 409 Inperfecta
786 333 894 393 tibi
935 335 1190 411 elapsast
1229 336 1575 413 ingrataque
1619 338 1752 409 vita,

410 433 489 490 Et
530 430 913 508 necopinanti
955 451 1112 492 mors
1155 434 1233 492 ad
1274 444 1456 509 caput
1496 433 1721 494 adstitit
1763 446 1903 495 ante

411 531 604 604 Quam
647 540 807 589 satur
845 550 917 590 ac
957 532 1168 607 plenus
1209 530 1401 608 possis
1442 531 1747 592 discedere
1788 553 1996 593 rerum.
2209 598 2217 606 ,
2280 538 2397 611 960

412 629 592 688 Nunc
632 630 825 689 aliena
866 639 966 688 tua
1008 640 1207 689 tamen
1249 639 1443 690 aetate
1484 630 1685 689 omnia
1727 630 1913 703 mitte,

412 713 624 802 Aequo
666 726 986 804 animoque
1027 728 1280 805 agedum
1323 726 1517 805 gnatis
1558 730 1859 789 concede:
1903 732 2237 791 necessest.'

413 824 564 893 Iure,
608 834 674 883 ut
716 823 947 901 opinor,
992 835 1144 902 agat,
1188 825 1315 885 iure
1357 825 1621 901 increpet
1663 824 1994 901 inciletque.

411 919 590 981 Cedit
631 919 789 979 enim
831 942 1022 981 rerum
1065 922 1328 983 novitate
1371 934 1601 981 extrusa
1642 933 1899 983 vetustas

413 1021 673 1093 Semper,
719 1029 778 1078 et
819 1038 892 1077 ex
933 1019 1060 1079 aliis
1101 1020 1263 1079 aliud
1303 1040 1573 1096 reparare
1615 1031 1928 1093 necessest,
2281 1025 2394 1099 965

415 1118 544 1175 Nec
585 1116 897 1192 quisquam
939 1116 1000 1175 in
1044 1119 1379 1178 barathrum
1426 1137 1537 1177 nec
1579 1120 1825 1177 Tartara
1868 1118 2104 1179 deditur
2144 1130 2281 1179 atra.

415 1214 696 1273 Materies
738 1234 888 1290 opus
931 1226 1021 1275 est
1061 1227 1125 1275 ut
1168 1227 1435 1275 crescant
1476 1227 1714 1291 postera
1755 1219 1950 1278 saecla
1967 1240 1985 1292 ;

414 1312 584 1385 Quae
628 1323 825 1371 tamen
867 1314 1070 1371 omnia
1113 1324 1171 1373 te
1212 1314 1333 1373 vita
1374 1315 1682 1390 perfuncta
1724 1328 2080 1392 sequentur3

415 1410 546 1469 Nec
587 1408 781 1467 minus
824 1428 962 1485 ergo
1014 1422 1152 1471 ante
1194 1412 1342 1471 haec
1385 1432 1564 1487 quam
1609 1422 1672 1470 tu
1715 1412 2001 1485 cecidere,
2047 1414 2395 1491 cadentque.

413 1507 509 1567 Sic
551 1506 671 1566 alid
714 1527 787 1567 ex
833 1507 951 1567 alio
993 1528 1315 1585 numquam
1360 1508 1604 1569 desistet
1647 1508 1797 1580 oriri,
2284 1530 2401 1588 970

411 1604 666 1685 Vitaque
708 1606 1006 1682 mancipio
1048 1606 1193 1665 nulli
1233 1608 1423 1680 datur,
1469 1606 1745 1667 omnibus
1786 1629 1911 1669 usu.

493 1702 750 1778 Respice
789 1703 931 1763 item
973 1723 1152 1781 quam
1195 1705 1277 1763 nil
1320 1706 1398 1764 ad
1440 1725 1549 1764 nos
1590 1718 1863 1766 anteacta
1903 1720 2161 1767 vetustas

413 1800 727 1877 Temporis
767 1802 990 1862 aeterni
1030 1802 1217 1874 fuerit,
1263 1821 1443 1878 quam
1488 1803 1783 1863 nascimur
1821 1815 1974 1864 ante.

416 1898 556 1954 Hoc
598 1894 772 1971 igitur
812 1898 1117 1973 speculum
1161 1897 1332 1957 nobis
1378 1910 1586 1958 natura
1626 1898 1804 1959 futuri

412 1993 723 2069 Temporis
769 1993 1008 2069 exponit
1047 2007 1183 2072 post
1227 2008 1479 2055 mortem
1521 1996 1780 2073 denique
1820 2008 2097 2057 nostram.
2282 2016 2395 2075 975

415 2089 724 2166 Numquid
766 2091 849 2149 ibi
892 2091 1166 2151 horribile
1208 2105 1467 2169 apparet,
1512 2114 1655 2154 num
1700 2094 1862 2154 triste
1904 2095 2134 2156 videtur

414 2186 766 2263 Quicquam,
811 2208 932 2247 non
976 2188 1140 2247 omni
1183 2207 1397 2249 somno
1439 2190 1699 2250 securius
1742 2195 1972 2251 exstat?

491 2288 692 2361 Atque
735 2306 806 2345 ea
846 2286 1122 2345 nimirum
1163 2300 1579 2364 quaecumque
1622 2289 1961 2347 Acherunte
2002 2290 2297 2365 profundo

412 2382 654 2444 Prodita
695 2395 832 2444 sunt
873 2404 1018 2456 esse,
1065 2385 1126 2444 in
1166 2383 1287 2444 vita
1327 2397 1465 2445 sunt
1508 2384 1707 2445 omnia
1748 2385 1940 2445 nobis,

414 2483 546 2541 Nec
588 2481 763 2541 miser
803 2480 1136 2557 inpendens
1177 2501 1457 2557 magnum
1501 2482 1671 2541 timet
1710 2502 1843 2541 aere
1885 2502 2091 2543 saxum
2280 2487 2400 2561 980

413 2579 717 2650 TantaluS‚
761 2590 824 2637 ut
868 2580 1095 2652 famast,
1139 2598 1306 2637 cassa
1347 2578 1661 2639 formidine
1705 2590 1945 2656 torpens
1965 2601 1983 2652 3

412 2676 532 2736 Sed
572 2675 755 2752 magis
798 2674 857 2733 in
899 2674 1022 2735 vita
1063 2674 1264 2735 divom
1305 2686 1498 2736 metus
1543 2687 1707 2753 urget
1748 2676 1940 2736 inanis

415 2772 700 2843 MortaliS‚
747 2791 1066 2847 casumque
1108 2771 1320 2833 timent
1363 2793 1541 2850 quem
1583 2772 1796 2849 cuique
1838 2775 1985 2834 ferat
2027 2776 2181 2835 fors:

413 2870 544 2929 Nec
584 2868 806 2945 Tityon
847 2870 1117 2928 volucres
1158 2868 1369 2929 ineunt
1410 2871 1749 2929 Acherunte
1790 2869 2099 2943 iacentem,

413 2967 544 3025 Nec
586 2967 750 3041 quod
792 2966 904 3023 sub
946 2984 1162 3041 magno
1205 2976 1538 3026 scrutentur
1576 2976 1817 3042 pectore
1858 2965 2176 3042 quicquam
2281 2972 2396 3045 985

412 3066 768 3139 Perpetuam
809 3072 1063 3121 aetatem
1107 3074 1359 3138 possunt
1398 3061 1649 3139 reperire
1692 3064 1976 3139 profecto.

412 3159 754 3236 Quamlibet
795 3157 1040 3217 immani
1081 3159 1350 3236 proiectu
1391 3158 1650 3235 corporis
1694 3169 1896 3231 exstet,

414 3254 534 3329 Qui
573 3274 696 3316 non
738 3256 865 3315 sola
905 3275 1122 3315 novem
1165 3256 1447 3332 dispessis
1486 3255 1684 3334 iugera
1725 3257 2003 3317 membris

510 3394 601 3456 962
669 3391 832 3453 gnatis
855 3393 1109 3455 Bernays:
1141 3394 1333 3457 magnis
1356 3395 1512 3442 MSS.
1529 3409 1547 3443 .·
1578 3410 1787 3458 magnus
1810 3395 1883 3443 M
2130 3393 2282 3461 After
2302 3407 2398 3460 971

413 3488 444 3517 a
468 3488 572 3519 new
586 3472 876 3533 paragraph
901 3474 945 3520 is
965 3474 1172 3521 marked
1187 3474 1248 3535 by
1277 3475 1519 3523 Giussam'
