2684 3867
702 180 801 229 DE
848 179 1112 229 RERUM
1162 178 1477 228 NATURA
1524 178 1746 227 LIBER
1792 178 1895 227 111.
2210 174 2283 239 25

301 326 700 405 Corporibus;
747 346 942 405 neque
985 182 2667 587 affl

301 426 598 496 Conexae‚
643 444 837 501 neque
878 444 1208 484 consensus
1249 434 1391 483 cont
1472 421 1483 433 '
1687 436 1725 485 t.
2175 441 2290 498 740

382 522 658 599 Denique
700 542 804 581 cur
844 520 1092 610 acris-‘y'
1266 541 1320 579 ia
1362 520 1526 580 triste
1568 523 1810 580 leonum

301 619 627 681 Seminium
668 619 948 696 sequitur,
991 621 1196 696 volpes
1238 619 1431 690 dolus,
1474 630 1534 678 et
1576 620 1713 695 suga
1754 618 1940 678 cervis

302 722 356 777 A
396 719 659 797 patribus
700 719 872 777 datur
913 730 971 777 et
1014 718 1236 793 patrius
1281 736 1464 793 pavor
1505 716 1712 777 incitat
1752 728 1928 790 artuS‚

304 818 381 875 Et
421 816 539 875 iam
582 826 778 875 cetera
817 816 895 875 de
936 833 1152 890 genere
1193 815 1311 873 hoc
1354 833 1458 873 cur
1498 815 1702 873 omnia
1744 812 2021 874 membris

304 916 397 973 Ex
436 912 680 973 ineunte
723 932 870 973 aevo
912 921 1303 988 generascunt
1345 908 1722 987 ingenioque,
2178 930 2287 989 745

303 1010 364 1070 Si
405 1030 546 1083 non,
591 1020 753 1070 certa
794 1029 904 1070 suo
945 1008 1086 1085 quia
1128 1008 1356 1069 semine
1398 1008 1767 1085 seminioque

303 1107 409 1167 Vis
450 1106 632 1167 animi
675 1105 891 1183 pariter
930 1104 1140 1166 crescit
1183 1126 1320 1165 curn
1366 1122 1614 1183 corpore
1657 1110 1827 1167 toto?
1908 1097 1918 1103 ’

303 1205 483 1282 Quod
525 1203 574 1263 si
613 1202 939 1263 inmortalis
982 1205 1132 1271 foret
1175 1214 1233 1262 et
1277 1214 1505 1264 mutare
1548 1206 1762 1263 soleret

302 1303 585 1379 Corpora,
630 1301 932 1377 permixtis
976 1300 1304 1360 animantes
1352 1301 1611 1361 moribus
1654 1314 1887 1364 essent:

303 1402 601 1477 Effugeret
641 1399 804 1459 canis
851 1401 1137 1474 Hyrcano
1179 1399 1256 1458 de
1299 1399 1526 1457 semine
1568 1418 1745 1475 saepe
2178 1419 2207 1475 7
2217 1404 2292 1479 5'0

302 1495 609 1573 Cornigeri
651 1495 947 1555 incursum
991 1494 1166 1568 cervi,
1212 1506 1606 1573 tremeretque
1648 1516 1756 1572 per
1796 1517 1965 1557 auras

300 1593 470 1654 Aeris
511 1592 790 1669 accipiter
831 1591 1060 1669 fugiens
1102 1592 1380 1653 veniente
1422 1594 1720 1665 columba,

304 1688 659 1766 Desiperent
699 1689 987 1760 homineS,
1031 1699 1307 1765 saperent
1347 1688 1471 1750 fera
1512 1691 1707 1749 saecla
1749 1691 2015 1750 ferarum.

305 1788 464 1846 Illud
505 1785 664 1847 enim
706 1788 853 1844 falsa
893 1786 1070 1845 fertur
1111 1784 1359 1858 ratione,
1403 1788 1567 1863 quod
1609 1789 1776 1847 aiunt

304 1886 687 1945 Inmortalem
730 1883 989 1943 animam
1034 1895 1266 1944 mutato
1308 1904 1555 1961 corpore
1597 1885 1772 1945 flecti.
2179 1905 2289 1964 755

304 1983 486 2057 Quod
527 1991 784 2041 mutatur
825 1980 984 2041 enim
1027 1981 1377 2053 dissolvitur,
1422 1982 1622 2044 interit
1664 2003 1817 2061 ergo·

301 2078 676 2139 Traiciuntur
698 2078 874 2157 ‚enim
917 2089 1112 2156 partes
1152 2090 1332 2156 atque
1376 2079 1583 2141 ordine
1627 2081 1878 2158 migrant
1895 2103 1913 2156 ς

303 2177 503 2251 Quare
544 2176 787 2235 dissolui
829 2195 1068 2253 quoque
1110 2176 1333 2237 debent
1374 2195 1551 2253 posse
1593 2196 1699 2253 per
1738 2190 1917 2249 artuS‚

304 2275 581 2350 Denique
623 2285 686 2334 ut
725 2273 1016 2334 intereant
1059 2294 1179 2334 una
1219 2294 1357 2333 cum
1400 2294 1649 2351 corpore
1688 2285 1956 2334 cunctae.

303 2370 404 2430 Sin
445 2368 672 2429 animas
713 2368 1025 2429 hominum
1069 2370 1272 2430 dicent
1313 2369 1376 2429 in
1417 2389 1668 2448 corpora
1710 2391 1942 2447 semper
2179 2376 2291 2448 760

305 2470 399 2528 Ire
441 2469 715 2539 humana,
760 2479 961 2527 tamen
1004 2488 1285 2543 quaeram
1321 2488 1427 2527 cur
1468 2488 1501 2528 e
1544 2468 1795 2546 sapienti

302 2566 491 2626 Stulta
531 2575 709 2642 queat
749 2565 891 2636 fieri,
937 2584 1051 2624 nec
1091 2566 1354 2642 prudens
1397 2564 1470 2625 sit
1513 2585 1657 2641 puer
1700 2568 1870 2638 ullus,
1924 2617 1929 2620 ,

303 2664 435 2722 Nec
476 2672 599 2720 tam
640 2662 851 2721 doctus
895 2680 1083 2737 equae
1127 2663 1324 2737 pullus
1367 2681 1546 2737 quam
1590 2662 1755 2722 fortis
1799 2662 1934 2739 equi
1976 2664 2106 2724 vis?
2176 2669 2293 2739 764

301 2758 536 2820 Scilicet
574 2758 634 2818 in
680 2770 884 2819 tenero
927 2769 1294 2819 tenerascere
1338 2777 1590 2835 corpore
1632 2771 1891 2820 mentem

301 2851 678 2933 Confugient.
766 2857 947 2931 Quod
990 2854 1038 2915 si
1078 2856 1196 2914 iam
1239 2857 1320 2929 fit,
1372 2857 1590 2916 fateare
1633 2869 1931 2919 necessest

303 2955 618 3014 Mortalem
664 2972 794 3013 esse
835 2952 1111 3024 animam,
1155 2954 1441 3030 quoniam
1484 2964 1707 3013 mutata
1751 2975 1855 3032 per
1895 2968 2053 3016 artus

299 3052 501 3110 Tanto
540 3069 718 3125 opere
759 3048 973 3109 amittit
1014 3050 1197 3109 vitam
1240 3070 1600 3128 sensumque
1642 3052 1915 3129 priorem.

301 3134 512 3223 Quove
553 3148 736 3206 modo
777 3146 993 3222 poterit
1034 3146 1250 3224 pariter
1291 3159 1428 3206 cum
1474 3166 1722 3224 corpore
1764 3168 2004 3226 quoque

301 3247 668 3307 Confirmata
708 3243 972 3322 cupitum
1017 3244 1222 3304 aetatis
1265 3256 1505 3323 tangere
1547 3246 1752 3306 florem
2176 3266 2290 3323 770

299 3344 408 3403 Vis
450 3342 647 3414 animi,
691 3344 803 3402 nisi
847 3342 955 3403 erit
999 3361 1241 3402 consors
1284 3342 1344 3401 in
1390 3343 1614 3420 origine
1657 3343 1893 3419 prima?

494 3478 584 3527 742
653 3464 844 3513 cervis:
877 3479 1050 3514 cervos
1072 3464 1248 3524 MSS„
1273 3464 1344 3511 M
1551 3477 1644 3526 743
1680 3465 1723 3512 is
1744 3464 1941 3528 rq'ected
1954 3464 2015 3527 by
2034 3464 2105 3513 M
