2684 3867
393 137 430 204 8
1056 151 1116 200 T.
1165 147 1487 200 LUCRETI
1536 150 1706 200 CARI

392 301 585 373 Quam
627 297 790 358 tenui
831 307 1062 359 constet
1103 307 1349 371 textura,
1395 316 1691 373 quamque
1732 300 1868 358 loco
1910 319 1975 359 se

391 395 710 457 Contineat
751 413 950 471 parv0,
993 394 1040 454 si
1082 394 1270 471 possit
1311 394 1757 469 conglomerati,
2258 416 2370 455 210

394 492 571 565 Quod
611 491 786 551 simul
827 503 1005 568 atque
1045 492 1352 552 hominem
1395 491 1495 550 leti
1538 510 1743 551 secura
1783 492 1948 567 quies
1992 504 2082 553 est

395 588 663 663 Indepta,
711 597 887 663 atque
929 586 1113 647 animi
1157 599 1365 646 natura
1405 587 1757 663 animaeque
1800 588 2053 658 recessit,

393 681 495 742 Nil
535 681 617 741 ibi
657 681 906 742 libatum
931 684 1042 761 qd&
1067 682 1212 741 toto'
1239 701 1485 759 corpore
1528 702 1735 743 cernas

354 780 490 859 „Ad
530 752 932 884 sp‘ecfiemffl
974 781 1052 840 ad
1092 782 1371 857 pondus:
1415 798 1574 839 mors
1616 780 1819 840 omnia
1859 791 2116 857 praestat

393 877 646 936 Vitalem
690 888 920 955 praeter
960 896 1199 937 sensum
1243 876 1623 953 calidumque
1663 896 1959 953 vaporem.
2262 892 2370 951 215

397 976 550 1051 Ergo
591 962 850 1033 animam
892 984 1078 1033 totam
1121 972 1419 1050 perparvis
1462 992 1591 1033 esse
1633 984 1933 1033 necessest

395 1069 743 1143 SeminibuS,
788 1090 1002 1131 nexam
1044 1091 1149 1147 per
1188 1090 1387 1143 venaS,
1433 1070 1671 1142 viscera,
1717 1090 1963 1144 nervos;

397 1168 721 1242 QuatenuS,
769 1167 961 1227 omnis
1002 1167 1106 1227 ubi
1149 1186 1182 1225 e
1226 1178 1353 1226 toto
1395 1165 1510 1225 iam
1552 1187 1802 1244 corpore
1844 1168 2037 1241 cessit,

397 1266 630 1327 Extima
670 1268 1070 1329 membrorum
1111 1266 1576 1327 circumcaesura
1615 1278 1819 1328 tamen
1860 1288 1923 1328 se

399 1366 766 1424 Incolumem
809 1375 1083 1441 praestat,
1131 1382 1245 1424 nec
1286 1365 1429 1424 defit
1470 1365 1753 1441 ponderis
1792 1364 1995 1425 hilum.
2266 1385 2379 1423 220

397 1460 577 1535 Quod
617 1480 804 1537 genus
843 1472 948 1533 est,
995 1458 1216 1521 Bacchi
1258 1480 1393 1519 cum
1437 1461 1545 1521 flos
1588 1461 1839 1533 evanuit,
1884 1472 1987 1521 aut
2028 1481 2165 1520 cum

396 1555 641 1633 Spiritus
681 1556 965 1634 unguenti
1007 1557 1199 1616 suavis
1242 1556 1469 1634 diffugit
1513 1557 1573 1615 in
1615 1578 1802 1631 auraS,

397 1654 518 1710 Aut
558 1650 758 1728 aliquo
799 1671 936 1711 cum
976 1650 1096 1711 iam
1137 1672 1312 1711 sucus
1355 1653 1431 1712 de
1481 1672 1730 1728 corpore
1770 1654 1945 1713 cessit
1963 1674 1981 1728 3

402 1748 504 1806 Nil
545 1748 731 1806 oculis
774 1759 972 1807 tamen
1018 1768 1147 1807 esse
1191 1748 1384 1807 minor
1424 1768 1515 1807 res
1559 1749 1685 1825 ipsa
1728 1741 1957 1808 videtur

401 1846 735 1917 Propterea,
781 1835 978 1918 neque
1019 1845 1351 1903 detractum
1392 1843 1468 1903 de
1511 1845 1779 1920 pondere
1819 1843 2153 1921 quicquam,
2268 1864 2337 1901 22
2346 1860 2376 1919 5

402 1938 695 1998 Nimirum
736 1938 875 2015 quia
914 1942 1101 1998 multa
1144 1939 1492 2016 minutaque
1534 1940 1761 2000 semina
1803 1960 1976 2000 sucos

402 2035 680 2095 Efficiunt
723 2046 782 2095 et
824 2037 1068 2095 odorem
1109 2035 1172 2094 in
1213 2046 1342 2096 toto
1386 2055 1632 2113 corpore
1668 2056 1883 2115 rerum.

404 2136 600 2209 Quare
642 2131 819 2192 etiam
861 2144 1039 2208 atque
1081 2131 1259 2191 etiam
1301 2132 1517 2191 mentis
1560 2143 1831 2191 naturam
1872 2132 2221 2208 animaeque

403 2228 561 2289 Scire
601 2228 739 2288 licet
780 2247 1069 2305 perquam
1110 2228 1385 2304 pauxillis
1427 2247 1555 2289 esse
1597 2240 1853 2288 creatam

404 2326 755 2399 SeminibuS,
799 2326 1082 2401 quoniam
1126 2324 1357 2402 fugiens
1398 2325 1483 2385 nil
1525 2326 1805 2403 ponderis
1848 2329 2047 2387 aufert.
2272 2345 2385 2399 230

484 2426 615 2485 Nec
656 2434 858 2483 tamen
899 2424 1048 2483 haec
1089 2422 1336 2499 simplex
1381 2423 1555 2498 nobis
1597 2436 1805 2483 natura
1844 2423 2109 2499 putanda
2152 2433 2255 2481 est.

404 2519 624 2580 Tenvis
665 2518 824 2579 enim
865 2520 1157 2595 quaedam
1202 2518 1591 2581 moribundos
1636 2518 1852 2577 deserit
1893 2535 2032 2576 aura

407 2616 598 2675 Mixta
636 2633 874 2690 vapore,
917 2634 1102 2689 vapor
1149 2633 1327 2691 porro
1368 2614 1545 2673 trahit
1586 2633 1723 2673 aera
1764 2632 1982 2672 secum.

409 2716 539 2772 Nec
577 2712 741 2771 calor
779 2723 869 2771 est
908 2710 1238 2787 quisquam,
1282 2710 1379 2769 cui
1423 2729 1544 2769 non
1586 2710 1660 2769 sit
1704 2708 1916 2794 mixtus
1961 2718 2019 2767 et
2060 2728 2175 2767 aer.

407 2813 565 2869 Rara
605 2808 766 2885 quod
811 2807 935 2867 eius
976 2807 1136 2867 enim
1179 2818 1411 2866 constat
1454 2818 1676 2878 natura,
1723 2814 2021 2866 necessest
2274 2822 2382 2879 235

406 2904 574 2966 Aeris
614 2904 764 2964 inter
803 2922 941 2964 eum
981 2902 1303 2979 primordia
1344 2905 1530 2962 multa
1571 2902 1809 2962 moveri.

409 3003 540 3060 Iam
581 3001 794 3077 triplex
835 2997 1016 3057 animi
1058 3010 1147 3058 est
1188 2997 1362 3074 igitur
1400 3009 1608 3058 natura
1647 3008 1876 3075 reperta
1892 3018 1910 3071 ;

410 3100 540 3158 Nec
581 3109 780 3155 tamen
822 3096 969 3154 haec
1012 3106 1100 3153 sat
1141 3106 1279 3154 sunt
1319 3095 1396 3153 ad
1439 3113 1675 3154 sensum
1719 3104 1935 3151 cuncta
1974 3091 2313 3162 creandum,

411 3196 510 3255 Nil
552 3197 759 3252 horum
804 3190 1084 3268 quoniam
1127 3190 1330 3267 recipit
1373 3210 1541 3250 mens
1582 3208 1758 3268 posse
1800 3206 1995 3247 creare

1049 3411 1141 3462 239
1207 3412 1344 3445 mens
1366 3396 1555 3445 MSS.:
1589 3411 1667 3445 res
1689 3394 1763 3444 M
