2684 3867
665 157 766 205 DE
814 156 1077 206 RERUM
1129 155 1443 205 NATURA
1490 155 1710 203 LIBER
1758 154 1856 204 ΙΙΙ.

346 307 406 364 Is
448 302 554 365 tibi
596 324 758 364 nunc
800 302 1033 363 animus
1074 302 1238 380 quali
1278 302 1353 363 sit
1395 322 1643 381 corpore
1684 315 1743 362 et
1786 302 1947 363 unde

266 401 628 477 Constiterit‚
673 421 916 480 pergam
956 400 1246 460 rationem
1290 400 1540 460 reddere
1582 398 1773 460 dictis.

264 496 560 574 Principio
602 518 732 559 esse
772 499 868 559 aio
909 497 1294 576 persuptilem
1336 508 1518 574 atque
1560 496 1803 555 minutis

264 598 556 671 Perquam
595 596 941 673 corporibus
981 598 1205 657 factum
1248 607 1536 656 constare.
1623 595 1701 654 Id
1741 593 1823 653 ita
1866 614 1995 654 esse

266 690 431 751 Hinc
471 691 609 752 licet
649 694 917 753 advertas
960 694 1244 762 animum,
1288 702 1355 751 ut
1395 682 1748 768 pernoscere
1747 691 1998 796 Npossis.

266 788 366 847 Nil
405 789 562 849 adeo
603 789 726 849 fieri
767 789 944 849 celeri
986 790 1217 849 ratione
1259 788 1506 861 videtur,
1858 796 2041 869 &N

265 887 459 961 Quam
503 884 616 944 sibi
659 904 828 945 mens
870 884 996 945 fieri
1036 882 1316 961 proponit
1361 894 1420 943 et
1459 882 1702 943 inchoat
1744 883 1887 961 ipsa.
1953 962 1959 969 ·

265 983 450 1045 Ocius
491 1002 631 1059 ergo
673 984 908 1041 animus
949 1001 1127 1057 quam
1169 1001 1262 1041 res
1304 1000 1369 1039 se
1410 980 1633 1056 perciet
1675 981 1807 1051 ulla,

265 1084 423 1140 Ante
463 1080 670 1139 oculos
711 1097 966 1155 quorum
1007 1078 1069 1137 in
1111 1087 1392 1155 promptu
1436 1087 1644 1135 natura
1685 1076 1930 1136 videtur.

264 1180 345 1235 At
385 1176 550 1252 quod
592 1173 814 1234 mobile
857 1187 1024 1234 tanto
1066 1186 1320 1249 operest,
1367 1183 1639 1232 constare
1682 1173 1951 1232 rotundis

267 1276 559 1350 Perquam
601 1271 927 1332 seminibus
969 1273 1151 1333 debet
1193 1289 1603 1349 perquamque
1645 1268 1905 1344 minutiS,

267 1369 539 1429 Momine
579 1368 665 1429 uti
705 1388 888 1446 parvo
930 1368 1160 1447 possint
1202 1370 1445 1444 inpulsa
1486 1366 1723 1426 moveri.

266 1468 542 1543 Namque
583 1477 855 1526 movetur
894 1485 1050 1542 aqua
1090 1480 1149 1526 et
1194 1465 1425 1526 tantillo
1469 1465 1735 1525 momine
1779 1466 1965 1538 flutat,

267 1564 506 1641 Quippe
544 1564 905 1625 volubilibus
947 1563 1264 1640 parvisque
1305 1574 1502 1622 creata
1541 1562 1755 1639 figuris.

266 1665 344 1721 At
384 1672 590 1721 contra
631 1662 823 1720 mellis
863 1660 1231 1720 constantior
1272 1671 1363 1720 est
1405 1670 1615 1720 natura

266 1761 344 1819 Et
384 1757 532 1836 pigri
571 1757 773 1818 latices
816 1759 1000 1833 magis
1043 1768 1102 1817 et
1144 1756 1519 1817 cunctantior
1560 1766 1764 1831 actus;

267 1859 495 1916 Haeret
534 1854 693 1914 enim
735 1852 887 1912 inter
928 1872 992 1913 se
1034 1853 1221 1929 magis
1264 1852 1458 1912 omnis
1508 1852 1775 1912 materiai

267 1951 475 2030 Copia,
519 1951 793 2011 nimirum
835 1950 976 2025 quia
1017 1970 1140 2010 non
1183 1961 1305 2009 tarn
1345 1950 1577 2011 levibus
1620 1961 1779 2010 extat

266 2048 629 2128 Corporibus
669 2063 865 2124 neque
906 2058 1029 2107 tarn
1070 2047 1385 2125 suptilibus
1426 2059 1605 2124 atque
1646 2047 1928 2107 rotundis

268 2151 558 2223 Namque,
603 2148 929 2226 papaveriS,
973 2166 1115 2206 aura
1157 2157 1355 2223 potest
1396 2165 1685 2224 suspensa
1724 2146 1990 2222 levisque

248 2242 495 2323 'Cogere
537 2256 602 2305 ut
642 2246 718 2305 ab
760 2263 995 2304 summo
1037 2243 1145 2304 tibi
1187 2245 1415 2304 diffluat
1456 2248 1609 2305 altus
1650 2265 1915 2305 acervus,

265 2346 344 2402 At
385 2354 592 2403 contra
630 2343 898 2419 lapidum
939 2344 1278 2402 conlectum
1322 2342 1736 2419 spicarumque

266 2442 483 2500 Noenu
523 2450 737 2517 potest.
824 2438 1011 2516 Igitur
1050 2438 1398 2515 parvissima
1439 2458 1689 2516 corpora
1730 2459 2024 2516 proquam

264 2537 342 2595 Et
386 2534 683 2595 levissima
721 2546 875 2607 sunt,
919 2534 1003 2594 ita
1043 2534 1374 2596 mobilitate
1416 2537 1699 2595 fruuntur.

263 2636 346 2692 At
386 2643 596 2693 contra
634 2651 1046 2709 quaecumque
1089 2632 1275 2710 magis
1317 2653 1457 2693 cum
1500 2634 1766 2710 pondere
1810 2653 2029 2711 magno

263 2732 609 2805 Asperaque
650 2728 1042 2803 inveniuntur,
1088 2749 1162 2789 eo
1204 2729 1462 2789 stabilita
1500 2729 1687 2807 magis
1729 2741 1883 2793 sunt.

267 2826 444 2883 Nunc
485 2824 659 2900 igitur
697 2824 983 2899 quoniam
1026 2836 1116 2886 est
1157 2825 1341 2885 animi
1384 2838 1591 2886 natura
1634 2839 1862 2903 reperta

266 2918 511 2979 Mobilis
552 2920 800 2996 egregie,
843 2939 1132 2996 perquam
1174 2932 1449 2982 constare
1489 2934 1788 2982 necessest

264 3017 628 3093 Corporibus
669 3017 863 3095 parvis
906 3029 964 3078 et
1005 3018 1235 3079 levibus
1276 3030 1458 3095 atque
1500 3019 1788 3079 rotundis.

265 3115 436 3189 Quae
478 3115 588 3174 tibi
626 3115 864 3194 cognita
904 3136 996 3175 res
1037 3115 1100 3175 in
1141 3116 1361 3188 multiS‚
1407 3136 1444 3176 o
1487 3117 1663 3190 bone,
1708 3118 1883 3179 rebus

264 3211 446 3270 Utilis
484 3210 811 3271 invenietur
851 3223 910 3271 et
953 3226 1294 3289 opportuna
1336 3212 1574 3273 cluebit.

267 3310 441 3367 Haec
480 3328 720 3386 quoque
761 3328 852 3369 res
895 3308 1074 3369 etiam
1096 3291 1386 3369 ‘naturam
1430 3310 1667 3371 dedicat
1710 3311 1855 3383 eius,

591 3441 681 3503 198
747 3440 1093 3506 spicarumque
1115 3442 1273 3490 MSS.
1291 3461 1308 3493 .·
1340 3442 1447 3507 ipse
1474 3441 1626 3491 Euru’
1650 3458 1849 3493 movere
1871 3445 1940 3493 M

2147 599 2258 654 180

2148 1082 2263 1153 185·

2147 1586 2259 1642 190

2148 2068 2253 2126 195

2144 2558 2257 2596 200

2143 3040 2252 3098 205
