2684 3867
379 191 460 251 28
1042 204 1103 253 T.
1152 203 1477 256 LUCRETI
1524 205 1696 255 CARI

379 349 880 426 Quandoquidem
921 360 1131 409 natura
1171 348 1353 409 animi
1396 350 1661 409 mortalis
1704 351 1971 411 habetur.

375 448 456 504 Et
495 446 656 527 velut
695 456 971 505 anteacto
1013 447 1094 503 nil
1140 457 1409 523 tempore
1452 446 1742 506 sensimus
1784 448 1957 523 aegri,

376 542 471 601 Ad
515 540 953 618 confligendum
994 543 1367 603 venientibus
1410 545 1679 620 undique
1724 546 1959 616 PoeniS‚

377 635 596 697 Omnia
635 657 770 697 cum
813 638 952 698 belli
996 638 1226 715 trepido
1266 659 1560 699 concussa
1601 641 1855 699 tumultu

377 734 637 794 Horrida
676 747 1082 795 contremuere
1126 737 1235 795 sub
1277 735 1411 795 altis
1454 737 1705 796 aetheris
1750 737 1883 808 oriS,
2245 741 2361 813 835

376 835 449 891 In
491 832 796 909 dubioque
835 834 997 893 fuere
1039 844 1298 892 utrorum
1341 835 1420 891 ad
1463 851 1643 910 regna
1684 833 2023 892 cadendum

375 928 668 989 Omnibus
709 928 983 988 humanis
1026 939 1180 989 esset
1224 938 1493 1005 terraque
1535 928 1819 1004 marique,

372 1024 483 1097 Sic,
527 1023 631 1083 ubi
672 1043 794 1085 non
837 1023 1066 1098 erimus,
1113 1043 1252 1084 cum
1293 1023 1561 1101 corporis
1602 1034 1782 1099 atque
1822 1024 2042 1084 animai

373 1120 704 1181 Discidium
745 1121 918 1181 fuerit
959 1120 1171 1198 quibus
1209 1140 1243 1181 e
1287 1141 1489 1183 sumus
1532 1121 1727 1181 uniter
1768 1121 1911 1198 apti,

371 1217 606 1277 Scilicet
647 1219 806 1277 haud
849 1218 1021 1278 nobis
1065 1219 1403 1295 quicquam,
1449 1218 1548 1294 qui
1593 1237 1714 1278 non
1759 1217 1973 1278 erimus
2016 1229 2160 1290 tum,
2244 1222 2365 1293 840

372 1314 659 1375 Accidere
700 1312 946 1375 omnino
987 1315 1204 1393 poterit
1247 1334 1607 1391 sensumque
1649 1333 1905 1387 movere,

373 1413 514 1471 Non
555 1410 605 1471 si
645 1421 796 1471 terra
840 1410 983 1469 mari
1025 1410 1368 1471 miscebitur
1408 1423 1467 1470 et
1511 1431 1670 1472 mare
1710 1414 1894 1472 caelo.

302 1547 310 1555 -
374 1511 478 1587 (Et
517 1511 565 1567 si
607 1508 723 1566 iam
768 1518 972 1568 nostro
1012 1508 1189 1567 sentit
1232 1510 1308 1567 de
1352 1527 1599 1584 corpore
1640 1521 1958 1585 postquam

373 1604 719 1664 Distractast
761 1604 942 1663 animi
984 1618 1195 1664 natura
1235 1603 1591 1679 animaeque
1634 1616 1915 1680 potestaS,

371 1701 473 1762 Nil
511 1712 714 1761 tamen
755 1712 845 1761 est
885 1702 961 1759 ad
1006 1720 1134 1775 nOS,
1180 1702 1284 1776 qui
1326 1712 1572 1776 comptu
1615 1700 2009 1777 coniugioque
2243 1706 2359 1780 845

371 1797 645 1875 Corporis
688 1807 868 1873 atque
909 1797 1145 1855 animae
1189 1796 1566 1856 consistimus
1610 1796 1800 1856 uniter
1841 1795 1978 1873 apti.

371 1898 516 1969 Nee,
564 1895 608 1953 si
655 1892 957 1953 materiem
1004 1902 1261 1953 nostram
1306 1892 1606 1969 collegerit
1647 1903 1808 1952 aetas

369 1996 512 2051 Post
553 1992 780 2052 obitum
820 2009 1166 2065 rursumque
1206 1991 1494 2065 redegerit
1538 2001 1601 2049 ut
1643 1989 1756 2049 sita
1795 2010 1952 2050 nunc
1996 2002 2103 2064 est,

372 2092 564 2165 Atque
604 2089 814 2148 iterum
858 2086 1030 2146 nobis
1074 2087 1288 2147 fuerint
1329 2087 1471 2151 data
1511 2086 1736 2145 lumina
1777 2085 1948 2157 vitae,

367 2188 662 2248 Pertineat
699 2187 1017 2263 quicquam
1052 2197 1253 2244 tamen
1291 2185 1371 2243 ad
1408 2203 1518 2243 nos
1556 2183 1621 2242 id
1655 2202 1892 2260 quoque
1931 2187 2170 2259 factum,
2239 2191 2362 2265 850

368 2287 702 2362 Interrupta
742 2285 926 2346 semel
966 2301 1103 2341 cum
1147 2283 1221 2339 sit
1261 2280 1594 2356 repetentia
1634 2282 1835 2341 nostri.

368 2384 443 2441 Et
487 2402 644 2441 nunc
685 2381 766 2440 nil
811 2381 889 2441 ad
929 2399 1040 2439 nos
1084 2379 1160 2437 de
1203 2377 1380 2437 nobis
1421 2377 1649 2446 attinet,
1692 2390 1833 2439 ante

367 2480 488 2555 Qui
528 2479 761 2551 suimuS,
808 2497 1003 2555 neque
1044 2476 1162 2536 iam
1206 2475 1282 2534 de
1324 2475 1440 2533 illis
1482 2495 1593 2535 nos
1636 2476 1838 2535 adficit
1880 2496 2079 2553 angor.

366 2580 522 2635 Nam
568 2595 704 2635 cum
745 2575 1021 2651 respicias
1061 2572 1316 2632 inmensi
1359 2571 1639 2648 temporis
1681 2591 1863 2632 omne

363 2672 747 2732 Praeteritum
790 2670 1063 2748 spatium,
1111 2680 1233 2725 tum
1279 2678 1477 2725 motus
1520 2666 1785 2726 materiai
2239 2676 2358 2751 855

366 2766 739 2826 Multimodis
781 2784 960 2842 quam
1004 2764 1138 2833 sint,
1187 2760 1355 2819 facile
1398 2762 1513 2819 hoc
1554 2761 1873 2821 adcredere
1912 2764 2123 2839 possiS,

362 2862 600 2922 Semina
641 2880 820 2937 saepe
862 2860 922 2919 in
967 2860 1198 2928 eodem,
1243 2867 1309 2915 ut
1354 2875 1511 2915 nunc
1552 2867 1707 2928 sunt,
1752 2856 1962 2917 ordine
2004 2872 2179 2934 posta

365 2961 537 3019 Haec
577 2960 808 3030 eadem,
851 2958 1066 3033 quibus
1109 2973 1144 3012 e
1187 2971 1347 3010 nunc
1389 2969 1499 3011 nos
1542 2970 1761 3023 sumuS,
1805 2964 1944 3014 ante
1982 2956 2177 3015 fuisse.

363 3059 492 3115 Nec
534 3054 780 3118 memori
821 3065 1021 3113 tamen
1063 3051 1127 3109 id
1169 3048 1405 3125 quimus
1446 3048 1879 3125 reprehendere
1928 3064 2131 3110 mente
2152 3075 2169 3124 3

363 3153 526 3211 Inter
563 3150 724 3211 enim
766 3148 975 3208 iectast
1016 3144 1158 3207 vitai
1200 3162 1402 3219 pausa,
1447 3161 1714 3218 vageque
2238 3151 2364 3210 860

363 3248 716 3307 Deerrarunt
757 3245 976 3322 passim
1020 3254 1217 3302 motus
1257 3241 1334 3298 ab
1377 3238 1647 3297 sensibus
1689 3242 1948 3319 omneS.)

364 3342 563 3401 Debet
603 3342 779 3415 enim,
823 3340 1036 3399 misere
1077 3336 1127 3395 si
1168 3338 1317 3395 forte
1359 3352 1651 3409 aegreque
1690 3336 2020 3409 futurumst,

713 3458 965 3522 843—861
1002 3472 1089 3505 are
1101 3454 1279 3518 placed
1295 3454 1355 3501 in
1375 3452 1456 3501 the
1475 3452 1663 3502 bracket
1670 3454 1741 3516 ‘by
1760 3455 1966 3520 Brisger

1658 3605 1718 3633 f
