2684 3867
732 151 831 201 DE
878 149 1147 201 RERUM
1197 150 1510 201 NATURA
1555 149 1777 199 LIBER
1823 150 1924 199 111.
2236 153 2319 215 29

327 300 467 375 Ipse
508 318 747 375 quoque
787 318 918 358 esse
959 299 1021 356 in
1064 316 1139 357 eo
1179 307 1308 357 tum
1350 308 1636 372 tempore,
1679 296 1777 355 cui
1821 298 1976 357 male
2015 296 2202 373 possit

328 394 628 456 Accidere.
719 395 794 454 Id
836 392 1118 470 quoniam
1163 413 1323 454 mors
1365 394 1585 467 eximit,
1630 413 1876 471 esseque
1914 396 2126 471 probet

329 493 504 551 Illum
546 491 643 551 cui
681 490 914 569 possint
954 490 1339 551 incommoda
1380 490 1700 564 conciliari,
2195 494 2308 567 865

262 634 266 638 .
327 588 485 647 Scire
527 587 664 648 licet
704 587 876 647 nobis
919 586 1001 645 nil
1043 606 1173 647 esse
1213 586 1276 646 in
1319 598 1511 648 morte
1553 586 1901 660 timendum,

330 688 460 745 Nec
501 683 779 745 miserum
819 683 944 744 fieri
985 683 1085 760 qui
1126 704 1249 743 non
1291 695 1382 745 est
1423 704 1616 761 posse,
1660 703 1856 761 neque
1896 685 2082 744 hilum

331 782 578 843 Differre
618 802 694 842 an
736 785 899 842 nullo
939 781 1112 843 fuerit
1153 782 1271 842 iam
1314 793 1583 859 tempore
1628 793 1819 854 natuS,

332 882 645 941 Mortalem
688 880 868 940 vitam
910 900 1069 941 mors
1109 900 1248 939 cum
1289 878 1618 941 inmortalis
1660 879 1898 939 ademit.

410 976 668 1037 Proinde
702 976 806 1035 ubi
845 996 906 1035 se
943 976 1148 1035 videas
1185 976 1491 1037 hominem
1530 976 1886 1053 indignarier
1920 975 2133 1052 ipsum,
2196 978 2313 1051 870

329 1079 472 1135 Post
513 1085 761 1134 mortem
804 1075 930 1133 fore
972 1084 1035 1133 ut
1074 1084 1176 1133 aut
1217 1085 1492 1151 putescat
1532 1092 1781 1150 corpore
1822 1083 1997 1149 posto

327 1177 448 1234 Aut
489 1172 739 1233 flammis
780 1172 1035 1232 interfiat
1075 1172 1319 1232 malisve
1362 1174 1633 1246 ferarum,

329 1268 488 1329 Scire
528 1268 666 1329 licet
706 1287 827 1327 non
869 1270 1161 1327 sincerum
1204 1286 1432 1339 sonere,
1478 1281 1655 1345 atque
1698 1268 1939 1328 subesse

330 1368 593 1444 Caecum
635 1366 889 1441 aliquem
930 1364 1095 1425 cordi
1137 1366 1453 1437 stimulum,
1498 1364 1767 1441 quamvis
1807 1376 1981 1442 neget
2019 1365 2146 1441 ipse

331 1462 586 1521 Credere
616 1480 678 1520 se
707 1480 1068 1537 quemquam
1095 1460 1208 1521 sibi
1239 1481 1478 1521 sensum
1512 1461 1573 1519 in
1610 1473 1800 1521 morte
1831 1464 2103 1521 futurum.
2191 1466 2303 1539 875

330 1560 488 1631 Non,
533 1570 598 1618 ut
639 1557 865 1634 opinor,
909 1557 1068 1617 enim
1111 1559 1212 1618 dat
1253 1561 1417 1635 quod
1461 1558 1749 1635 promittit
1790 1570 1850 1619 et
1892 1562 2068 1634 unde,

332 1658 462 1715 Nec
502 1653 777 1714 radicitus
811 1674 844 1713 e
883 1654 1004 1714 vita
1044 1674 1108 1714 se
1148 1655 1303 1714 tollit
1343 1667 1404 1715 et
1445 1655 1601 1731 eicit,

328 1753 443 1812 Sed
484 1752 624 1811 facit
664 1771 793 1812 esse
835 1750 923 1811 sui
965 1750 1250 1828 quiddam
1293 1772 1468 1829 super
1509 1752 1728 1813 inscius
1768 1752 1912 1830 ipse.

325 1850 516 1908 Vivus
559 1848 719 1909 enirn
761 1848 873 1908 sibi
914 1868 1050 1907 cum
1093 1849 1378 1925 proponit
1418 1848 1667 1925 quisque
1707 1853 1982 1925 futurum,

330 1946 560 2021 Corpus
601 1944 687 2004 uti
728 1947 996 2005 volucres
1035 1946 1295 2005 lacerent
1334 1945 1399 2005 in
1439 1958 1627 2007 morte
1668 1948 1957 2023 feraeque,
2190 1950 2308 2005 880

331 2042 471 2118 Ipse
513 2040 602 2099 sui
641 2039 876 2101 miseret
894 2063 912 2115 3
953 2059 1147 2116 neque
1189 2040 1348 2099 enim
1392 2060 1456 2100 se
1498 2041 1708 2101 dividit
1750 2042 1893 2100 illim

330 2141 460 2198 Nec
499 2150 762 2199 removet
803 2139 943 2199 satis
983 2159 1020 2199 a
1059 2138 1324 2215 proiecto
1366 2158 1629 2215 corpore,
1672 2151 1732 2199 et
1774 2139 1937 2198 illum

329 2236 404 2293 Se
444 2234 608 2310 fingit
651 2253 946 2311 sensuque
987 2253 1098 2295 suo
1139 2234 1504 2295 contaminat
1546 2248 1758 2296 astanS.

332 2331 496 2391 Hinc
537 2329 875 2408 indignatur
914 2351 978 2392 se
1019 2334 1329 2395 mortalem
1374 2352 1501 2393 esse
1539 2344 1817 2404 creatum,

330 2430 386 2487 N
393 2447 462 2487 ec
502 2426 662 2488 videt
703 2428 763 2487 in
802 2447 938 2488 vera
981 2430 1208 2487 nullum
1251 2431 1377 2488 fore
1418 2440 1608 2489 morte
1651 2429 1832 2488 alium
1878 2448 1957 2501 se,
2192 2432 2304 2506 885

330 2523 448 2600 Qui
489 2524 675 2601 possit
715 2523 881 2584 vivus
924 2524 1036 2584 sibi
1077 2544 1142 2585 se
1183 2526 1382 2601 lugere
1422 2536 1794 2602 peremptum

330 2625 621 2697 Stansque
661 2621 952 2682 iacentem
995 2641 1060 2681 se
1101 2622 1342 2682 lacerari
1385 2622 1547 2683 urive
1590 2624 1806 2682 dolere.

329 2720 487 2777 Nam
529 2716 578 2777 si
619 2716 686 2775 in·
721 2730 912 2778 morte
952 2720 1230 2777 malumst
1270 2718 1443 2778 malis
1484 2738 1804 2795 morsuque
1846 2724 2096 2778 ferarum

326 2812 606 2883 Tractari,
649 2832 774 2872 non
814 2813 1051 2872 invenio
1087 2813 1190 2889 qui
1230 2832 1353 2873 non
1396 2813 1471 2873 sit
1511 2816 1789 2874 acerbum

329 2910 578 2987 Ignibus
616 2908 938 2985 inpositum
979 2909 1187 2969 calidis
1230 2921 1549 2970 torrescere
1592 2911 1859 2982 flammiS,
2194 2914 2310 2986 890

329 3009 449 3064 Aut
487 3004 548 3062 in
591 3006 764 3063 melle
806 3004 986 3064 situm
1028 3008 1320 3077 suffocari,
1363 3017 1541 3083 atque
1586 3006 1770 3083 rigere

331 3098 580 3175 Frigore,
624 3117 761 3157 cum
802 3118 1035 3159 summo
1075 3100 1254 3176 gelidi
1296 3104 1479 3161 cubat
1516 3121 1776 3177 aequore
1819 3099 1955 3174 saxi,

329 3194 612 3269 Urgerive
653 3213 904 3270 superne
946 3196 1227 3255 obtritum
1275 3198 1541 3272 pondere
1583 3210 1786 3256 terrae.

410 3291 574 3346 ‘Iam
613 3286 732 3345 iam
776 3307 897 3348 non
939 3290 1152 3349 domus
1193 3291 1443 3367 accipiet
1486 3304 1546 3351 te
1587 3293 1744 3351 laeta
1784 3311 1979 3367 neque
2016 3311 2164 3351 uxor

405 3415 501 3465 868
565 3430 630 3463 an
652 3416 790 3465 nullo
813 3418 1104 3467 Pantanus:
1137 3419 1340 3467 annullo
1363 3421 1473 3467 and
1487 3420 1656 3468 anullo
1680 3422 1831 3470 MSS.
1850 3434 1869 3469 .·
1900 3435 2027 3468 anne
2049 3420 2152 3468 ullo
2174 3419 2246 3467 M
