2684 3867
440 140 525 187 20
1103 138 1165 187 T.
1213 116 1537 190 LUCRE‘H
1583 138 1755 189 cAR1

434 284 656 343 Verum
701 284 950 343 deficere
989 281 1051 342 in
1093 294 1254 343 certa
1292 282 1531 360 regione
1571 286 1863 361 locatam3
2314 296 2451 362 610,

437 382 524 442 Ut
563 398 770 440 sensus
810 381 957 439 alios
999 380 1058 439 in
1100 379 1250 456 parti
1292 400 1589 459 quemque
1630 403 1735 443 sua
1775 384 1885 444 scit

440 476 714 537 Dissolui.
800 478 979 553 Quod
1022 477 1070 538 si
1109 477 1437 538 inmortalis
1478 489 1675 539 nostra
1716 481 1865 541 foret
1906 502 2092 557 menS,

439 576 580 633 Non
621 585 740 633 tam
783 592 846 634 se
889 572 1141 634 moriens
1183 573 1426 633 dissolvi
1466 587 1936 650 conquereretur,

439 672 557 731 Sed
597 669 781 747 magis
822 670 907 730 ire
946 672 1101 731 foras
1145 680 1491 747 vestemque
1530 671 1877 747 relinquere,
1922 685 1985 732 ut
2027 675 2251 752 anguis.

521 767 798 844 Denique
839 787 944 827 cur
984 766 1168 827 animi
1208 784 1533 842 numquam
1578 785 1747 826 mens
1787 768 2220 847 consiliumque
2314 776 2430 849 615

441 862 712 941 Gignitur
748 862 811 922 in
853 862 1050 940 capite
1092 875 1195 923 aut
1236 864 1491 939 pedibus
1534 862 1895 936 manibusve,
1940 868 2047 927 sed
2088 867 2221 926 unis

440 960 688 1021 Sedibus
729 950 802 1022 et·
829 960 1001 1022 certis
1042 960 1381 1038 regionibus
1422 960 1698 1020 omnibus
1740 962 1957 1036 haeret,

441 1057 501 1117 Si
540 1076 662 1117 non
705 1069 868 1118 certa
907 1059 1040 1117 loca
1079 1059 1156 1118 ad
1199 1058 1567 1117 nascendum
1608 1058 1840 1117 reddita
1881 1042 2098 1137 cuique

441 1157 606 1226 Sunt,
651 1166 709 1214 et
752 1152 852 1213 ubi
896 1153 1178 1231 quicquid
1219 1152 1408 1231 possit
1449 1153 1659 1213 durare
1700 1166 1981 1226 creatum,

439 1254 638 1326 Atque
680 1249 764 1309 ita
804 1250 1171 1311 multimodis
1213 1250 1442 1327 partitis
1486 1254 1727 1310 artubus
1769 1270 1917 1324 esse,
2312 1260 2434 1317 620

444 1348 850 1407 Membrorum
893 1357 960 1407 ut
1000 1366 1323 1424 numquam
1370 1346 1577 1406 existat
1618 1359 2030 1424 praeposterus
2074 1351 2221 1410 ordo
2241 1355 2269 1411 Ρ

441 1447 652 1521 Usque
691 1446 844 1505 adeo
887 1446 1151 1522 sequitur
1189 1464 1280 1503 res
1321 1464 1464 1516 rem,
1510 1461 1705 1518 neque
1748 1445 1983 1504 flamma
2024 1448 2207 1507 creari

520 1641 830 1699 Praeterea
872 1640 920 1699 si
956 1638 1284 1699 inmortalis
1326 1648 1539 1696 natura
1574 1637 1848 1699 animaist

443 1732 521 1790 Et
561 1730 777 1791 sentire
817 1742 1013 1807 potest
1055 1742 1278 1790 secreta
1317 1749 1355 1789 a
1394 1748 1641 1805 corpore
1682 1742 1901 1801 nostro,
2312 1739 2388 1795 62
2396 1754 2431 1814 5

442 1828 739 1905 Quinque,
783 1839 845 1887 ut
887 1827 1115 1904 opinor,
1164 1846 1294 1886 eam
1336 1826 1677 1885 faciendum
1728 1838 1816 1887 est
1858 1828 2124 1887 sensibus
2168 1843 2426 1892 auctam.

443 1928 574 1985 Nec
613 1926 842 1987 ratione
883 1924 999 1984 alia
1041 1935 1274 1983 nosmet
1315 1942 1649 1999 proponere
1691 1924 1864 1983 nobis

444 2025 762 2082 Possumus
803 2020 1060 2081 infernas
1101 2020 1327 2081 animas
1368 2021 1709 2079 Acherunte
1750 2021 1962 2097 vagari.

443 2117 702 2179 Pictores
743 2119 940 2197 itaque
983 2130 1041 2179 et
1083 2116 1434 2193 scriptorum
1476 2118 1671 2175 saecla
1712 2115 1905 2191 priora

441 2216 536 2276 Sic
577 2216 801 2275 animas
843 2215 997 2276 intro
1043 2217 1334 2274 duxerunt
1378 2212 1647 2292 sensibus
1688 2219 1905 2272 auctas.
2310 2224 2433 2295 630

442 2315 521 2370 At
561 2331 756 2387 neque
797 2331 1021 2371 sorsum
1066 2308 1224 2370 oculi
1267 2327 1463 2385 neque
1504 2327 1675 2367 nares
1716 2327 1828 2367 nec
1870 2328 2081 2369 manus
2123 2311 2250 2387 ipsa

444 2411 588 2468 Esse
630 2419 829 2486 potest
869 2409 1104 2467 animae
1144 2425 1342 2483 neque
1386 2424 1610 2465 sorsum
1655 2404 1869 2481 lingua,
1916 2425 2112 2481 neque
2152 2427 2361 2486 aures;

445 2505 629 2564 Haud
669 2503 841 2581 igitur
879 2524 987 2584 per
1027 2524 1091 2564 se
1132 2512 1380 2579 possunt
1423 2499 1639 2560 sentire
1680 2519 1874 2577 neque
1915 2520 2059 2561 esse.

522 2605 599 2662 Et
639 2600 920 2679 quoniam
963 2611 1090 2660 toto
1132 2597 1419 2659 sentimus
1461 2616 1706 2672 corpore
1750 2597 1942 2657 inesse

440 2699 695 2759 Vitalem
738 2718 994 2767 sensum,
1037 2708 1097 2756 et
1140 2706 1331 2755 totum
1376 2712 1504 2754 esse
1546 2692 1801 2752 animale
1842 2691 2125 2768 videmuS,
2308 2702 2430 2779 635

441 2796 500 2857 Si
541 2795 737 2856 subito
779 2794 1043 2855 medium
1086 2790 1262 2852 celeri
1303 2788 1656 2867 praeciderit
1695 2790 1816 2848 ictu

440 2892 546 2951 Vis
588 2892 800 2967 aliqua,
845 2901 912 2950 ut
952 2909 1178 2950 sorsum
1220 2897 1449 2964 partem
1492 2896 1758 2944 secernat
1800 2895 2125 2961 utramque,

444 2989 765 3066 Dispertita
805 2987 1010 3064 procul
1055 2984 1239 3045 dubio
1283 3000 1523 3060 quoque
1563 2980 1649 3041 vis
1690 2980 1906 3041 animai

533 3143 681 3205 After
699 3142 796 3206 619
818 3140 890 3190 M
900 3147 1123 3203 supposes
1141 3152 1268 3185 some
1287 3152 1441 3185 verses
1463 3136 1568 3191 lost,
1592 3136 1709 3183 such
1733 3152 1789 3183 as
1819 3136 2021 3184 Certum
2044 3154 2103 3186 ac
2126 3138 2440 3203 dispositum

439 3229 642 3271 naturae
678 3222 860 3285 legibu’
896 3227 1106 3269 constat.
1192 3218 1310 3264 Hoc
1348 3215 1454 3264 fieri
1498 3223 1721 3264 nostrum
1764 3231 1963 3279 quoque
2004 3232 2184 3281 corpus
2228 3223 2441 3275 foedere

439 3302 604 3360 debet,
835 3299 948 3360 632,
982 3296 1078 3358 633
1145 3310 1314 3351 aures;
1351 3294 1505 3341 Haud
1530 3295 1675 3356 igitur
1698 3296 1773 3343 L:
1805 3310 1945 3343 aures
1970 3298 2211 3347 Auditum
2236 3303 2400 3355 MSS.
2420 3324 2440 3358 ,-

439 3395 580 3429 aures
602 3380 792 3428 Auditu
824 3382 890 3426 M
958 3428 970 3435 ,
1041 3423 1051 3434 ,
1158 3401 1261 3439 Μ-
1335 3392 1364 3411 r·
1424 3389 1494 3449 ’ζμ
1546 3436 1551 3445 ι

988 3434 1018 3445 ν
1035 3442 1041 3450 ι

1097 3482 1221 3520 Ὺῶἳ

1209 3545 1216 3565 ε
