<?xml version="1.0" encoding="UTF-8"?>
<!DOCTYPE html PUBLIC "-//W3C//DTD XHTML 1.0 Transitional//EN"
    "http://www.w3.org/TR/xhtml1/DTD/xhtml1-transitional.dtd">
<html xmlns="http://www.w3.org/1999/xhtml" xml:lang="en" lang="en">
 <head>
  <title>
</title>
<meta http-equiv="Content-Type" content="text/html;charset=utf-8" />
  <meta name='ocr-system' content='tesseract 3.04.00' />
  <meta name='ocr-capabilities' content='ocr_page ocr_carea ocr_par ocr_line ocrx_word'/>
</head>
<body>
  <div class='ocr_page' id='page_1' title='image "./tlucreticarider05duffgoog_0050.png"; bbox 0 0 2684 3867; ppageno 0'>
   <div class='ocr_carea' id='block_1_1' title="bbox 404 233 1730 285">
    <p class='ocr_par' dir='ltr' id='par_1_1' title="bbox 404 233 1730 285">
     <span class='ocr_line' id='line_1_1' title="bbox 404 233 1730 285; baseline -0.002 -1"><span class='ocrx_word' id='word_1_1' title='bbox 404 237 483 285; x_wconf 89' lang='lat'><strong>22</strong></span> <span class='ocrx_word' id='word_1_2' title='bbox 1067 234 1132 283; x_wconf 89' lang='lat' dir='ltr'><strong>T.</strong></span> <span class='ocrx_word' id='word_1_3' title='bbox 1181 233 1509 285; x_wconf 92' lang='lat' dir='ltr'>LUCRETI</span> <span class='ocrx_word' id='word_1_4' title='bbox 1556 234 1730 285; x_wconf 88' lang='lat' dir='ltr'>CARI</span> 
     </span>
    </p>
   </div>
   <div class='ocr_carea' id='block_1_2' title="bbox 402 377 2395 3191">
    <p class='ocr_par' dir='ltr' id='par_1_2' title="bbox 402 377 2395 3191">
     <span class='ocr_line' id='line_1_2' title="bbox 405 377 1875 459; baseline 0 -20"><span class='ocrx_word' id='word_1_5' title='bbox 405 381 477 439; x_wconf 92' lang='lat' dir='ltr'><strong>In</strong></span> <span class='ocrx_word' id='word_1_6' title='bbox 519 382 732 439; x_wconf 88' lang='lat' dir='ltr'><strong>multas</strong></span> <span class='ocrx_word' id='word_1_7' title='bbox 773 377 1054 455; x_wconf 90' lang='lat' dir='ltr'><strong>quoniam</strong></span> <span class='ocrx_word' id='word_1_8' title='bbox 1097 378 1278 456; x_wconf 89' lang='lat' dir='ltr'><strong>partis</strong></span> <span class='ocrx_word' id='word_1_9' title='bbox 1321 379 1630 441; x_wconf 85' lang='lat' dir='ltr'><strong>disciditur</strong></span> <span class='ocrx_word' id='word_1_10' title='bbox 1671 401 1875 459; x_wconf 89' lang='lat' dir='ltr'><strong>aeque.</strong></span> 
     </span>
     <span class='ocr_line' id='line_1_3' title="bbox 481 476 2391 562; baseline 0.004 -27"><span class='ocrx_word' id='word_1_11' title='bbox 481 477 760 554; x_wconf 89' lang='lat' dir='ltr'><strong>Denique</strong></span> <span class='ocrx_word' id='word_1_12' title='bbox 801 496 978 553; x_wconf 87' lang='lat' dir='ltr'>saepe</span> <span class='ocrx_word' id='word_1_13' title='bbox 1020 476 1326 537; x_wconf 90' lang='lat' dir='ltr'><strong>hominem</strong></span> <span class='ocrx_word' id='word_1_14' title='bbox 1368 479 1655 555; x_wconf 89' lang='lat' dir='ltr'><strong>paulatim</strong></span> <span class='ocrx_word' id='word_1_15' title='bbox 1698 480 1993 540; x_wconf 89' lang='lat' dir='ltr'><strong>cernimus</strong></span> <span class='ocrx_word' id='word_1_16' title='bbox 2036 481 2121 542; x_wconf 92' lang='lat' dir='ltr'><strong>ire</strong></span> <span class='ocrx_word' id='word_1_17' title='bbox 2275 487 2391 562; x_wconf 85' lang='lat'><strong>526</strong></span> 
     </span>
     <span class='ocr_line' id='line_1_4' title="bbox 405 573 1872 651; baseline 0 -16"><span class='ocrx_word' id='word_1_18' title='bbox 405 578 483 635; x_wconf 94' lang='lat' dir='ltr'><strong>Et</strong></span> <span class='ocrx_word' id='word_1_19' title='bbox 521 575 898 636; x_wconf 86' lang='lat' dir='ltr'><strong>membratim</strong></span> <span class='ocrx_word' id='word_1_20' title='bbox 940 573 1180 635; x_wconf 86' lang='lat' dir='ltr'><strong>vitalem</strong></span> <span class='ocrx_word' id='word_1_21' title='bbox 1225 576 1551 651; x_wconf 86' lang='lat' dir='ltr'><strong>deperdere</strong></span> <span class='ocrx_word' id='word_1_22' title='bbox 1595 596 1872 651; x_wconf 82' lang='lat' dir='ltr'><strong>sensum3</strong></span> 
     </span>
     <span class='ocr_line' id='line_1_5' title="bbox 406 671 2014 753; baseline 0.001 -20"><span class='ocrx_word' id='word_1_23' title='bbox 406 676 480 733; x_wconf 88' lang='lat' dir='ltr'><strong>In</strong></span> <span class='ocrx_word' id='word_1_24' title='bbox 519 672 769 749; x_wconf 91' lang='lat' dir='ltr'><strong>pedibus</strong></span> <span class='ocrx_word' id='word_1_25' title='bbox 811 672 1061 749; x_wconf 88' lang='lat' dir='ltr'><strong>primum</strong></span> <span class='ocrx_word' id='word_1_26' title='bbox 1106 671 1322 750; x_wconf 84' lang='lat' dir='ltr'>digitos</span> <span class='ocrx_word' id='word_1_27' title='bbox 1364 671 1644 734; x_wconf 89' lang='lat' dir='ltr'><strong>livescere</strong></span> <span class='ocrx_word' id='word_1_28' title='bbox 1687 686 1744 734; x_wconf 90' lang='lat' dir='ltr'><strong>et</strong></span> <span class='ocrx_word' id='word_1_29' title='bbox 1787 675 2014 753; x_wconf 87' lang='lat' dir='ltr'><strong>unguis,</strong></span> 
     </span>
     <span class='ocr_line' id='line_1_6' title="bbox 405 770 2016 849; baseline 0.002 -20"><span class='ocrx_word' id='word_1_30' title='bbox 405 771 558 830; x_wconf 89' lang='lat' dir='ltr'><strong>Inde</strong></span> <span class='ocrx_word' id='word_1_31' title='bbox 598 771 782 846; x_wconf 86' lang='lat' dir='ltr'><strong>pedes</strong></span> <span class='ocrx_word' id='word_1_32' title='bbox 825 780 885 834; x_wconf 84' lang='lat' dir='ltr'><strong>et</strong></span> <span class='ocrx_word' id='word_1_33' title='bbox 927 790 1096 830; x_wconf 91' lang='lat' dir='ltr'><strong>crura</strong></span> <span class='ocrx_word' id='word_1_34' title='bbox 1138 770 1304 841; x_wconf 89' lang='lat' dir='ltr'><strong>mori,</strong></span> <span class='ocrx_word' id='word_1_35' title='bbox 1350 782 1485 847; x_wconf 91' lang='lat' dir='ltr'><strong>post</strong></span> <span class='ocrx_word' id='word_1_36' title='bbox 1527 770 1671 831; x_wconf 89' lang='lat' dir='ltr'><strong>inde</strong></span> <span class='ocrx_word' id='word_1_37' title='bbox 1711 792 1819 849; x_wconf 89' lang='lat' dir='ltr'><strong>per</strong></span> <span class='ocrx_word' id='word_1_38' title='bbox 1859 786 2016 832; x_wconf 92' lang='lat' dir='ltr'><strong>artus</strong></span> 
     </span>
     <span class='ocr_line' id='line_1_7' title="bbox 406 867 2391 952; baseline 0.003 -25"><span class='ocrx_word' id='word_1_39' title='bbox 406 872 499 929; x_wconf 90' lang='lat' dir='ltr'><strong>Ire</strong></span> <span class='ocrx_word' id='word_1_40' title='bbox 540 869 686 929; x_wconf 89' lang='lat' dir='ltr'><strong>alios</strong></span> <span class='ocrx_word' id='word_1_41' title='bbox 728 867 957 928; x_wconf 92' lang='lat' dir='ltr'><strong>tractim</strong></span> <span class='ocrx_word' id='word_1_42' title='bbox 998 868 1180 946; x_wconf 87' lang='lat' dir='ltr'><strong>gelidi</strong></span> <span class='ocrx_word' id='word_1_43' title='bbox 1221 868 1470 946; x_wconf 86' lang='lat' dir='ltr'><strong>vestigia</strong></span> <span class='ocrx_word' id='word_1_44' title='bbox 1510 869 1628 930; x_wconf 89' lang='lat' dir='ltr'><strong>leti.</strong></span> <span class='ocrx_word' id='word_1_45' title='bbox 2277 893 2391 952; x_wconf 86' lang='lat'><strong>530</strong></span> 
     </span>
     <span class='ocr_line' id='line_1_8' title="bbox 403 966 2233 1044; baseline 0.002 -17"><span class='ocrx_word' id='word_1_46' title='bbox 403 966 701 1027; x_wconf 89' lang='lat' dir='ltr'><strong>Scinditur</strong></span> <span class='ocrx_word' id='word_1_47' title='bbox 741 967 905 1042; x_wconf 87' lang='lat' dir='ltr'><strong>itque</strong></span> <span class='ocrx_word' id='word_1_48' title='bbox 947 966 1183 1028; x_wconf 89' lang='lat' dir='ltr'><strong>animae</strong></span> <span class='ocrx_word' id='word_1_49' title='bbox 1224 969 1342 1027; x_wconf 90' lang='lat' dir='ltr'><strong>hoc</strong></span> <span class='ocrx_word' id='word_1_50' title='bbox 1383 967 1667 1044; x_wconf 91' lang='lat' dir='ltr'><strong>quoniam</strong></span> <span class='ocrx_word' id='word_1_51' title='bbox 1710 980 1918 1028; x_wconf 89' lang='lat' dir='ltr'><strong>natura</strong></span> <span class='ocrx_word' id='word_1_52' title='bbox 1960 990 2071 1029; x_wconf 89' lang='lat' dir='ltr'><strong>nec</strong></span> <span class='ocrx_word' id='word_1_53' title='bbox 2110 990 2233 1031; x_wconf 90' lang='lat' dir='ltr'><strong>uno</strong></span> 
     </span>
     <span class='ocr_line' id='line_1_9' title="bbox 402 1064 1920 1141; baseline 0.001 -17"><span class='ocrx_word' id='word_1_54' title='bbox 402 1067 702 1141; x_wconf 88' lang='lat' dir='ltr'><strong>Tempore</strong></span> <span class='ocrx_word' id='word_1_55' title='bbox 745 1064 969 1125; x_wconf 86' lang='lat' dir='ltr'><strong>sincera</strong></span> <span class='ocrx_word' id='word_1_56' title='bbox 1011 1065 1222 1138; x_wconf 84' lang='lat' dir='ltr'><strong>existit,</strong></span> <span class='ocrx_word' id='word_1_57' title='bbox 1269 1066 1532 1126; x_wconf 89' lang='lat' dir='ltr'><strong>mortalis</strong></span> <span class='ocrx_word' id='word_1_58' title='bbox 1574 1068 1920 1128; x_wconf 89' lang='lat' dir='ltr'><strong>habendast.</strong></span> 
     </span>
     <span class='ocr_line' id='line_1_10' title="bbox 405 1162 1982 1241; baseline 0.001 -18"><span class='ocrx_word' id='word_1_59' title='bbox 405 1166 587 1239; x_wconf 90' lang='lat' dir='ltr'><strong>Quod</strong></span> <span class='ocrx_word' id='word_1_60' title='bbox 629 1162 678 1223; x_wconf 90' lang='lat' dir='ltr'><strong>si</strong></span> <span class='ocrx_word' id='word_1_61' title='bbox 718 1165 867 1223; x_wconf 87' lang='lat' dir='ltr'><strong>forte</strong></span> <span class='ocrx_word' id='word_1_62' title='bbox 908 1175 1081 1239; x_wconf 90' lang='lat' dir='ltr'><strong>putas</strong></span> <span class='ocrx_word' id='word_1_63' title='bbox 1124 1163 1315 1241; x_wconf 87' lang='lat' dir='ltr'><strong>ipsam</strong></span> <span class='ocrx_word' id='word_1_64' title='bbox 1360 1184 1422 1224; x_wconf 87' lang='lat' dir='ltr'><strong>se</strong></span> <span class='ocrx_word' id='word_1_65' title='bbox 1464 1184 1639 1241; x_wconf 90' lang='lat' dir='ltr'><strong>posse</strong></span> <span class='ocrx_word' id='word_1_66' title='bbox 1680 1183 1787 1240; x_wconf 91' lang='lat' dir='ltr'><strong>per</strong></span> <span class='ocrx_word' id='word_1_67' title='bbox 1824 1176 1982 1225; x_wconf 88' lang='lat' dir='ltr'><strong>artus</strong></span> 
     </span>
     <span class='ocr_line' id='line_1_11' title="bbox 406 1261 2058 1339; baseline 0.001 -19"><span class='ocrx_word' id='word_1_68' title='bbox 406 1265 732 1322; x_wconf 88' lang='lat' dir='ltr'><strong>Introrsum</strong></span> <span class='ocrx_word' id='word_1_69' title='bbox 777 1262 1005 1321; x_wconf 87' lang='lat' dir='ltr'><strong>trahere</strong></span> <span class='ocrx_word' id='word_1_70' title='bbox 1047 1273 1107 1321; x_wconf 92' lang='lat' dir='ltr'><strong>et</strong></span> <span class='ocrx_word' id='word_1_71' title='bbox 1149 1261 1331 1339; x_wconf 89' lang='lat' dir='ltr'><strong>partis</strong></span> <span class='ocrx_word' id='word_1_72' title='bbox 1374 1263 1713 1322; x_wconf 89' lang='lat' dir='ltr'><strong>conducere</strong></span> <span class='ocrx_word' id='word_1_73' title='bbox 1753 1262 1815 1320; x_wconf 91' lang='lat' dir='ltr'><strong>in</strong></span> <span class='ocrx_word' id='word_1_74' title='bbox 1858 1282 2058 1335; x_wconf 91' lang='lat' dir='ltr'><strong>unum,</strong></span> 
     </span>
     <span class='ocr_line' id='line_1_12' title="bbox 403 1358 2389 1440; baseline -0.001 -20"><span class='ocrx_word' id='word_1_75' title='bbox 403 1364 604 1439; x_wconf 90' lang='lat' dir='ltr'><strong>Atque</strong></span> <span class='ocrx_word' id='word_1_76' title='bbox 644 1360 782 1419; x_wconf 92' lang='lat' dir='ltr'><strong>ideo</strong></span> <span class='ocrx_word' id='word_1_77' title='bbox 823 1358 1053 1420; x_wconf 90' lang='lat' dir='ltr'><strong>cunctis</strong></span> <span class='ocrx_word' id='word_1_78' title='bbox 1095 1380 1335 1421; x_wconf 90' lang='lat' dir='ltr'><strong>sensum</strong></span> <span class='ocrx_word' id='word_1_79' title='bbox 1380 1361 1676 1420; x_wconf 90' lang='lat' dir='ltr'><strong>deducere</strong></span> <span class='ocrx_word' id='word_1_80' title='bbox 1719 1361 2013 1435; x_wconf 80' lang='lat' dir='ltr'><strong>membriS,</strong></span> <span class='ocrx_word' id='word_1_81' title='bbox 2277 1379 2389 1440; x_wconf 86' lang='lat'><strong>535</strong></span> 
     </span>
     <span class='ocr_line' id='line_1_13' title="bbox 402 1454 1937 1531; baseline -0.001 -16"><span class='ocrx_word' id='word_1_82' title='bbox 402 1459 485 1516; x_wconf 92' lang='lat' dir='ltr'><strong>At</strong></span> <span class='ocrx_word' id='word_1_83' title='bbox 525 1457 693 1515; x_wconf 91' lang='lat' dir='ltr'><strong>locus</strong></span> <span class='ocrx_word' id='word_1_84' title='bbox 733 1455 832 1515; x_wconf 89' lang='lat' dir='ltr'><strong>ille</strong></span> <span class='ocrx_word' id='word_1_85' title='bbox 873 1466 1092 1526; x_wconf 90' lang='lat' dir='ltr'><strong>tamen,</strong></span> <span class='ocrx_word' id='word_1_86' title='bbox 1137 1474 1259 1531; x_wconf 91' lang='lat' dir='ltr'><strong>quo</strong></span> <span class='ocrx_word' id='word_1_87' title='bbox 1301 1454 1478 1531; x_wconf 91' lang='lat' dir='ltr'><strong>copia</strong></span> <span class='ocrx_word' id='word_1_88' title='bbox 1515 1466 1678 1513; x_wconf 91' lang='lat' dir='ltr'><strong>tanta</strong></span> <span class='ocrx_word' id='word_1_89' title='bbox 1719 1456 1937 1515; x_wconf 89' lang='lat' dir='ltr'><strong>animai</strong></span> 
     </span>
     <span class='ocr_line' id='line_1_14' title="bbox 404 1552 1745 1631; baseline -0.004 -15"><span class='ocrx_word' id='word_1_90' title='bbox 404 1553 668 1631; x_wconf 88' lang='lat' dir='ltr'><strong>Cogitur,</strong></span> <span class='ocrx_word' id='word_1_91' title='bbox 710 1552 771 1612; x_wconf 90' lang='lat' dir='ltr'><strong>in</strong></span> <span class='ocrx_word' id='word_1_92' title='bbox 815 1573 990 1613; x_wconf 90' lang='lat' dir='ltr'><strong>sensu</strong></span> <span class='ocrx_word' id='word_1_93' title='bbox 1033 1554 1216 1614; x_wconf 89' lang='lat' dir='ltr'><strong>debet</strong></span> <span class='ocrx_word' id='word_1_94' title='bbox 1259 1553 1480 1613; x_wconf 91' lang='lat' dir='ltr'><strong>maiore</strong></span> <span class='ocrx_word' id='word_1_95' title='bbox 1523 1552 1708 1612; x_wconf 90' lang='lat' dir='ltr'><strong>videri</strong></span> <span class='ocrx_word' id='word_1_96' title='bbox 1728 1575 1745 1627; x_wconf 80' lang='lat'>3</span> 
     </span>
     <span class='ocr_line' id='line_1_15' title="bbox 405 1650 2181 1728; baseline 0.001 -17"><span class='ocrx_word' id='word_1_97' title='bbox 405 1652 525 1728; x_wconf 86' lang='lat' dir='ltr'><strong>Qui</strong></span> <span class='ocrx_word' id='word_1_98' title='bbox 566 1650 847 1728; x_wconf 89' lang='lat' dir='ltr'><strong>quoniam</strong></span> <span class='ocrx_word' id='word_1_99' title='bbox 891 1661 1260 1727; x_wconf 89' lang='lat' dir='ltr'><strong>nusquamst,</strong></span> <span class='ocrx_word' id='word_1_100' title='bbox 1305 1650 1582 1709; x_wconf 90' lang='lat' dir='ltr'><strong>nimirum</strong></span> <span class='ocrx_word' id='word_1_101' title='bbox 1627 1661 1691 1709; x_wconf 91' lang='lat' dir='ltr'><strong>ut</strong></span> <span class='ocrx_word' id='word_1_102' title='bbox 1731 1650 1985 1711; x_wconf 86' lang='lat' dir='ltr'><strong>diximus</strong></span> <span class='ocrx_word' id='word_1_103' title='bbox 2026 1663 2181 1723; x_wconf 90' lang='lat' dir='ltr'><strong>ante,</strong></span> 
     </span>
     <span class='ocr_line' id='line_1_16' title="bbox 406 1748 1755 1826; baseline -0.003 -16"><span class='ocrx_word' id='word_1_104' title='bbox 406 1748 707 1810; x_wconf 90' lang='lat' dir='ltr'><strong>Dilaniata</strong></span> <span class='ocrx_word' id='word_1_105' title='bbox 747 1749 901 1808; x_wconf 87' lang='lat' dir='ltr'><strong>foras</strong></span> <span class='ocrx_word' id='word_1_106' title='bbox 944 1748 1314 1825; x_wconf 87' lang='lat' dir='ltr'><strong>dispargitur,</strong></span> <span class='ocrx_word' id='word_1_107' title='bbox 1360 1748 1557 1807; x_wconf 90' lang='lat' dir='ltr'><strong>interit</strong></span> <span class='ocrx_word' id='word_1_108' title='bbox 1600 1768 1755 1826; x_wconf 88' lang='lat' dir='ltr'><strong>ergo.</strong></span> 
     </span>
     <span class='ocr_line' id='line_1_17' title="bbox 405 1845 2394 1925; baseline 0 -18"><span class='ocrx_word' id='word_1_109' title='bbox 405 1847 566 1924; x_wconf 88' lang='lat' dir='ltr'><strong>Quin</strong></span> <span class='ocrx_word' id='word_1_110' title='bbox 608 1846 785 1906; x_wconf 91' lang='lat' dir='ltr'><strong>etiam</strong></span> <span class='ocrx_word' id='word_1_111' title='bbox 829 1846 878 1905; x_wconf 92' lang='lat' dir='ltr'><strong>si</strong></span> <span class='ocrx_word' id='word_1_112' title='bbox 919 1845 1034 1906; x_wconf 91' lang='lat' dir='ltr'><strong>iam</strong></span> <span class='ocrx_word' id='word_1_113' title='bbox 1078 1846 1261 1907; x_wconf 87' lang='lat' dir='ltr'><strong>libeat</strong></span> <span class='ocrx_word' id='word_1_114' title='bbox 1303 1846 1634 1905; x_wconf 90' lang='lat' dir='ltr'><strong>concedere</strong></span> <span class='ocrx_word' id='word_1_115' title='bbox 1675 1847 1905 1918; x_wconf 83' lang='lat' dir='ltr'><strong>falsum,</strong></span> <span class='ocrx_word' id='word_1_116' title='bbox 2277 1866 2394 1925; x_wconf 87' lang='lat'><strong>540</strong></span> 
     </span>
     <span class='ocr_line' id='line_1_18' title="bbox 406 1942 2197 2020; baseline -0.002 -16"><span class='ocrx_word' id='word_1_117' title='bbox 406 1946 484 2005; x_wconf 92' lang='lat' dir='ltr'><strong>Et</strong></span> <span class='ocrx_word' id='word_1_118' title='bbox 525 1946 665 2003; x_wconf 90' lang='lat' dir='ltr'><strong>dare</strong></span> <span class='ocrx_word' id='word_1_119' title='bbox 706 1962 882 2020; x_wconf 90' lang='lat' dir='ltr'><strong>posse</strong></span> <span class='ocrx_word' id='word_1_120' title='bbox 924 1943 1184 2003; x_wconf 86' lang='lat' dir='ltr'><strong>animam</strong></span> <span class='ocrx_word' id='word_1_121' title='bbox 1228 1943 1536 2019; x_wconf 89' lang='lat' dir='ltr'><strong>glomerari</strong></span> <span class='ocrx_word' id='word_1_122' title='bbox 1579 1942 1641 2001; x_wconf 93' lang='lat' dir='ltr'><strong>in</strong></span> <span class='ocrx_word' id='word_1_123' title='bbox 1684 1962 1931 2019; x_wconf 92' lang='lat' dir='ltr'><strong>corpore</strong></span> <span class='ocrx_word' id='word_1_124' title='bbox 1973 1963 2197 2015; x_wconf 89' lang='lat' dir='ltr'><strong>eorum,</strong></span> 
     </span>
     <span class='ocr_line' id='line_1_19' title="bbox 405 2038 1950 2117; baseline -0.001 -17"><span class='ocrx_word' id='word_1_125' title='bbox 405 2040 663 2100; x_wconf 90' lang='lat' dir='ltr'><strong>Lumina</strong></span> <span class='ocrx_word' id='word_1_126' title='bbox 703 2041 803 2117; x_wconf 89' lang='lat' dir='ltr'><strong>qui</strong></span> <span class='ocrx_word' id='word_1_127' title='bbox 842 2039 1120 2114; x_wconf 90' lang='lat' dir='ltr'><strong>linquunt</strong></span> <span class='ocrx_word' id='word_1_128' title='bbox 1161 2038 1498 2098; x_wconf 88' lang='lat' dir='ltr'><strong>moribundi</strong></span> <span class='ocrx_word' id='word_1_129' title='bbox 1539 2038 1950 2115; x_wconf 87' lang='lat' dir='ltr'><strong>particulatim,</strong></span> 
     </span>
     <span class='ocr_line' id='line_1_20' title="bbox 407 2138 2003 2212; baseline 0.001 -14"><span class='ocrx_word' id='word_1_130' title='bbox 407 2139 724 2198; x_wconf 90' lang='lat' dir='ltr'><strong>Mortalem</strong></span> <span class='ocrx_word' id='word_1_131' title='bbox 769 2148 968 2197; x_wconf 89' lang='lat' dir='ltr'><strong>tamen</strong></span> <span class='ocrx_word' id='word_1_132' title='bbox 1010 2156 1138 2197; x_wconf 92' lang='lat' dir='ltr'><strong>esse</strong></span> <span class='ocrx_word' id='word_1_133' title='bbox 1181 2138 1443 2195; x_wconf 87' lang='lat' dir='ltr'><strong>animam</strong></span> <span class='ocrx_word' id='word_1_134' title='bbox 1484 2138 1702 2196; x_wconf 87' lang='lat' dir='ltr'><strong>fateare</strong></span> <span class='ocrx_word' id='word_1_135' title='bbox 1744 2157 2003 2212; x_wconf 87' lang='lat' dir='ltr'><strong>necesse,</strong></span> 
     </span>
     <span class='ocr_line' id='line_1_21' title="bbox 407 2235 1896 2312; baseline -0.001 -16"><span class='ocrx_word' id='word_1_136' title='bbox 407 2239 464 2296; x_wconf 94' lang='lat' dir='ltr'>N</span> <span class='ocrx_word' id='word_1_137' title='bbox 469 2256 538 2297; x_wconf 89' lang='lat' dir='ltr'><strong>ec</strong></span> <span class='ocrx_word' id='word_1_138' title='bbox 579 2237 751 2296; x_wconf 87' lang='lat' dir='ltr'><strong>refert</strong></span> <span class='ocrx_word' id='word_1_139' title='bbox 794 2245 988 2294; x_wconf 88' lang='lat' dir='ltr'><strong>utrum</strong></span> <span class='ocrx_word' id='word_1_140' title='bbox 1031 2245 1233 2311; x_wconf 92' lang='lat' dir='ltr'><strong>pereat</strong></span> <span class='ocrx_word' id='word_1_141' title='bbox 1275 2235 1540 2312; x_wconf 89' lang='lat' dir='ltr'><strong>dispersa</strong></span> <span class='ocrx_word' id='word_1_142' title='bbox 1581 2254 1687 2310; x_wconf 89' lang='lat' dir='ltr'><strong>per</strong></span> <span class='ocrx_word' id='word_1_143' title='bbox 1728 2254 1896 2295; x_wconf 90' lang='lat' dir='ltr'><strong>auras</strong></span> 
     </span>
     <span class='ocr_line' id='line_1_22' title="bbox 404 2330 2391 2413; baseline -0.001 -22"><span class='ocrx_word' id='word_1_144' title='bbox 404 2336 504 2392; x_wconf 91' lang='lat' dir='ltr'><strong>An</strong></span> <span class='ocrx_word' id='word_1_145' title='bbox 544 2342 848 2391; x_wconf 91' lang='lat' dir='ltr'><strong>contracta</strong></span> <span class='ocrx_word' id='word_1_146' title='bbox 888 2331 1006 2390; x_wconf 93' lang='lat' dir='ltr'><strong>suis</strong></span> <span class='ocrx_word' id='word_1_147' title='bbox 1048 2351 1082 2391; x_wconf 93' lang='lat' dir='ltr'><strong>e</strong></span> <span class='ocrx_word' id='word_1_148' title='bbox 1124 2330 1390 2408; x_wconf 91' lang='lat' dir='ltr'><strong>partibus</strong></span> <span class='ocrx_word' id='word_1_149' title='bbox 1432 2330 1826 2403; x_wconf 89' lang='lat' dir='ltr'><strong>obbrutescat,</strong></span> <span class='ocrx_word' id='word_1_150' title='bbox 2276 2350 2391 2413; x_wconf 83' lang='lat'><strong>545</strong></span> 
     </span>
     <span class='ocr_line' id='line_1_23' title="bbox 407 2426 2373 2505; baseline 0.002 -18"><span class='ocrx_word' id='word_1_151' title='bbox 407 2430 668 2504; x_wconf 88' lang='lat' dir='ltr'><strong>Quando</strong></span> <span class='ocrx_word' id='word_1_152' title='bbox 709 2426 1015 2487; x_wconf 89' lang='lat' dir='ltr'><strong>hominem</strong></span> <span class='ocrx_word' id='word_1_153' title='bbox 1059 2438 1252 2488; x_wconf 90' lang='lat' dir='ltr'><strong>totum</strong></span> <span class='ocrx_word' id='word_1_154' title='bbox 1295 2426 1481 2503; x_wconf 87' lang='lat' dir='ltr'><strong>magis</strong></span> <span class='ocrx_word' id='word_1_155' title='bbox 1522 2446 1593 2485; x_wconf 92' lang='lat' dir='ltr'><strong>ac</strong></span> <span class='ocrx_word' id='word_1_156' title='bbox 1634 2427 1819 2503; x_wconf 88' lang='lat' dir='ltr'><strong>magis</strong></span> <span class='ocrx_word' id='word_1_157' title='bbox 1861 2428 2125 2505; x_wconf 91' lang='lat' dir='ltr'><strong>undique</strong></span> <span class='ocrx_word' id='word_1_158' title='bbox 2168 2450 2373 2491; x_wconf 90' lang='lat' dir='ltr'><strong>sensus</strong></span> 
     </span>
     <span class='ocr_line' id='line_1_24' title="bbox 407 2523 2055 2601; baseline 0.001 -17"><span class='ocrx_word' id='word_1_159' title='bbox 407 2524 642 2598; x_wconf 93' lang='lat' dir='ltr'><strong>Deficit,</strong></span> <span class='ocrx_word' id='word_1_160' title='bbox 686 2536 745 2584; x_wconf 92' lang='lat' dir='ltr'><strong>et</strong></span> <span class='ocrx_word' id='word_1_161' title='bbox 787 2524 942 2583; x_wconf 90' lang='lat' dir='ltr'><strong>vitae</strong></span> <span class='ocrx_word' id='word_1_162' title='bbox 984 2523 1177 2583; x_wconf 90' lang='lat' dir='ltr'><strong>minus</strong></span> <span class='ocrx_word' id='word_1_163' title='bbox 1222 2534 1281 2583; x_wconf 92' lang='lat' dir='ltr'><strong>et</strong></span> <span class='ocrx_word' id='word_1_164' title='bbox 1323 2525 1516 2581; x_wconf 87' lang='lat' dir='ltr'><strong>minus</strong></span> <span class='ocrx_word' id='word_1_165' title='bbox 1559 2524 1819 2601; x_wconf 89' lang='lat' dir='ltr'><strong>undique</strong></span> <span class='ocrx_word' id='word_1_166' title='bbox 1862 2537 2055 2585; x_wconf 88' lang='lat' dir='ltr'><strong>restat.</strong></span> 
     </span>
     <span class='ocr_line' id='line_1_25' title="bbox 487 2619 2395 2699; baseline 0.001 -18"><span class='ocrx_word' id='word_1_167' title='bbox 487 2625 796 2683; x_wconf 89' lang='lat' dir='ltr'><strong>Praeterea</strong></span> <span class='ocrx_word' id='word_1_168' title='bbox 838 2620 886 2680; x_wconf 90' lang='lat' dir='ltr'><strong>si</strong></span> <span class='ocrx_word' id='word_1_169' title='bbox 927 2620 1256 2680; x_wconf 89' lang='lat' dir='ltr'><strong>inmortalis</strong></span> <span class='ocrx_word' id='word_1_170' title='bbox 1297 2632 1507 2679; x_wconf 91' lang='lat' dir='ltr'><strong>natura</strong></span> <span class='ocrx_word' id='word_1_171' title='bbox 1548 2619 1765 2679; x_wconf 89' lang='lat' dir='ltr'><strong>animai</strong></span> <span class='ocrx_word' id='word_1_172' title='bbox 2278 2627 2395 2699; x_wconf 88' lang='lat'><strong>670</strong></span> 
     </span>
     <span class='ocr_line' id='line_1_26' title="bbox 409 2717 1932 2795; baseline -0.003 -14"><span class='ocrx_word' id='word_1_173' title='bbox 409 2724 660 2782; x_wconf 91' lang='lat' dir='ltr'><strong>Constat</strong></span> <span class='ocrx_word' id='word_1_174' title='bbox 702 2730 762 2779; x_wconf 91' lang='lat' dir='ltr'><strong>et</strong></span> <span class='ocrx_word' id='word_1_175' title='bbox 804 2718 866 2777; x_wconf 89' lang='lat' dir='ltr'><strong>in</strong></span> <span class='ocrx_word' id='word_1_176' title='bbox 909 2737 1123 2795; x_wconf 92' lang='lat' dir='ltr'><strong>corpus</strong></span> <span class='ocrx_word' id='word_1_177' title='bbox 1166 2717 1547 2777; x_wconf 88' lang='lat' dir='ltr'><strong>nascentibus</strong></span> <span class='ocrx_word' id='word_1_178' title='bbox 1587 2717 1932 2793; x_wconf 90' lang='lat' dir='ltr'><strong>insinuatur,</strong></span> 
     </span>
     <span class='ocr_line' id='line_1_27' title="bbox 407 2815 2172 2895; baseline 0 -16"><span class='ocrx_word' id='word_1_179' title='bbox 407 2821 528 2880; x_wconf 93' lang='lat' dir='ltr'><strong>Cur</strong></span> <span class='ocrx_word' id='word_1_180' title='bbox 569 2836 744 2893; x_wconf 92' lang='lat' dir='ltr'><strong>super</strong></span> <span class='ocrx_word' id='word_1_181' title='bbox 784 2827 1121 2876; x_wconf 87' lang='lat' dir='ltr'><strong>anteactam</strong></span> <span class='ocrx_word' id='word_1_182' title='bbox 1164 2826 1420 2875; x_wconf 90' lang='lat' dir='ltr'><strong>aetatem</strong></span> <span class='ocrx_word' id='word_1_183' title='bbox 1464 2815 1802 2877; x_wconf 89' lang='lat' dir='ltr'><strong>meminisse</strong></span> <span class='ocrx_word' id='word_1_184' title='bbox 1844 2818 2172 2895; x_wconf 78' lang='lat' dir='ltr'><strong>nequimu5‚</strong></span> 
     </span>
     <span class='ocr_line' id='line_1_28' title="bbox 408 2914 1915 2993; baseline -0.002 -16"><span class='ocrx_word' id='word_1_185' title='bbox 408 2921 540 2977; x_wconf 91' lang='lat' dir='ltr'><strong>Nec</strong></span> <span class='ocrx_word' id='word_1_186' title='bbox 578 2914 826 2993; x_wconf 89' lang='lat' dir='ltr'><strong>vestigia</strong></span> <span class='ocrx_word' id='word_1_187' title='bbox 864 2926 1161 2992; x_wconf 90' lang='lat' dir='ltr'><strong>gestarum</strong></span> <span class='ocrx_word' id='word_1_188' title='bbox 1203 2934 1398 2973; x_wconf 90' lang='lat' dir='ltr'><strong>rerum</strong></span> <span class='ocrx_word' id='word_1_189' title='bbox 1442 2916 1561 2973; x_wconf 91' lang='lat' dir='ltr'><strong>ulla</strong></span> <span class='ocrx_word' id='word_1_190' title='bbox 1602 2919 1915 2974; x_wconf 85' lang='lat' dir='ltr'><strong>tenemus?</strong></span> 
     </span>
     <span class='ocr_line' id='line_1_29' title="bbox 408 3010 1966 3087; baseline -0.001 -14"><span class='ocrx_word' id='word_1_191' title='bbox 408 3016 568 3073; x_wconf 90' lang='lat' dir='ltr'><strong>Nam</strong></span> <span class='ocrx_word' id='word_1_192' title='bbox 612 3012 660 3071; x_wconf 92' lang='lat' dir='ltr'><strong>si</strong></span> <span class='ocrx_word' id='word_1_193' title='bbox 703 3023 869 3071; x_wconf 89' lang='lat' dir='ltr'><strong>tanto</strong></span> <span class='ocrx_word' id='word_1_194' title='bbox 914 3022 1146 3087; x_wconf 90' lang='lat' dir='ltr'><strong>operest</strong></span> <span class='ocrx_word' id='word_1_195' title='bbox 1189 3010 1373 3069; x_wconf 90' lang='lat' dir='ltr'><strong>animi</strong></span> <span class='ocrx_word' id='word_1_196' title='bbox 1416 3020 1647 3070; x_wconf 88' lang='lat' dir='ltr'><strong>mutata</strong></span> <span class='ocrx_word' id='word_1_197' title='bbox 1686 3022 1966 3087; x_wconf 84' lang='lat' dir='ltr'><strong>potestas,</strong></span> 
     </span>
     <span class='ocr_line' id='line_1_30' title="bbox 409 3108 2391 3191; baseline -0.002 -17"><span class='ocrx_word' id='word_1_198' title='bbox 409 3112 622 3175; x_wconf 91' lang='lat' dir='ltr'><strong>Omnis</strong></span> <span class='ocrx_word' id='word_1_199' title='bbox 665 3122 731 3170; x_wconf 92' lang='lat' dir='ltr'><strong>ut</strong></span> <span class='ocrx_word' id='word_1_200' title='bbox 773 3122 1034 3170; x_wconf 88' lang='lat' dir='ltr'><strong>actarum</strong></span> <span class='ocrx_word' id='word_1_201' title='bbox 1077 3108 1362 3170; x_wconf 88' lang='lat' dir='ltr'><strong>exciderit</strong></span> <span class='ocrx_word' id='word_1_202' title='bbox 1402 3108 1714 3168; x_wconf 89' lang='lat' dir='ltr'><strong>retinentia</strong></span> <span class='ocrx_word' id='word_1_203' title='bbox 1754 3128 1965 3182; x_wconf 88' lang='lat' dir='ltr'><strong>rerum,</strong></span> <span class='ocrx_word' id='word_1_204' title='bbox 2277 3117 2391 3191; x_wconf 87' lang='lat'><strong>675</strong></span> 
     </span>
    </p>
   </div>
   <div class='ocr_carea' id='block_1_3' title="bbox 405 3315 2397 3555">
    <p class='ocr_par' dir='ltr' id='par_1_3' title="bbox 405 3315 2397 3555">
     <span class='ocr_line' id='line_1_31' title="bbox 506 3315 2397 3381; baseline 0.002 -18"><span class='ocrx_word' id='word_1_205' title='bbox 506 3315 758 3377; x_wconf 82' lang='lat'><strong>526—547</strong></span> <span class='ocrx_word' id='word_1_206' title='bbox 793 3330 880 3363; x_wconf 87' lang='lat' dir='ltr'><strong>are</strong></span> <span class='ocrx_word' id='word_1_207' title='bbox 899 3316 1074 3378; x_wconf 83' lang='lat' dir='ltr'><strong>placed</strong></span> <span class='ocrx_word' id='word_1_208' title='bbox 1095 3315 1207 3364; x_wconf 77' lang='lat' dir='ltr'><strong>here</strong></span> <span class='ocrx_word' id='word_1_209' title='bbox 1235 3315 1294 3377; x_wconf 87' lang='lat' dir='ltr'><strong>by</strong></span> <span class='ocrx_word' id='word_1_210' title='bbox 1321 3315 1565 3363; x_wconf 77' lang='lat' dir='ltr'><strong>Giussani</strong></span> <span class='ocrx_word' id='word_1_211' title='bbox 1812 3326 1900 3376; x_wconf 84' lang='lat'><strong>531</strong></span> <span class='ocrx_word' id='word_1_212' title='bbox 1972 3315 2226 3365; x_wconf 88' lang='lat' dir='ltr'><strong>Scinditur</strong></span> <span class='ocrx_word' id='word_1_213' title='bbox 2259 3317 2397 3381; x_wconf 87' lang='lat' dir='ltr'><strong>itque</strong></span> 
     </span>
     <span class='ocr_line' id='line_1_32' title="bbox 405 3396 2397 3463; baseline 0.002 -17"><span class='ocrx_word' id='word_1_214' title='bbox 405 3397 600 3446; x_wconf 79' lang='lat' dir='ltr'><strong>animae</strong></span> <span class='ocrx_word' id='word_1_215' title='bbox 636 3397 732 3445; x_wconf 91' lang='lat' dir='ltr'><strong>hoc</strong></span> <span class='ocrx_word' id='word_1_216' title='bbox 765 3397 860 3445; x_wconf 92' lang='lat' dir='ltr'><strong>M:</strong></span> <span class='ocrx_word' id='word_1_217' title='bbox 900 3396 1150 3445; x_wconf 86' lang='lat' dir='ltr'><strong>Scinditur</strong></span> <span class='ocrx_word' id='word_1_218' title='bbox 1186 3402 1334 3459; x_wconf 84' lang='lat' dir='ltr'><strong>atque</strong></span> <span class='ocrx_word' id='word_1_219' title='bbox 1374 3396 1542 3443; x_wconf 88' lang='lat' dir='ltr'><strong>animo</strong></span> <span class='ocrx_word' id='word_1_220' title='bbox 1572 3396 1693 3444; x_wconf 87' lang='lat' dir='ltr'><strong>haec</strong></span> <span class='ocrx_word' id='word_1_221' title='bbox 1734 3397 1888 3444; x_wconf 85' lang='lat' dir='ltr'><em>MSS.</em></span> <span class='ocrx_word' id='word_1_222' title='bbox 1906 3412 1923 3445; x_wconf 92' lang='grc'><strong>.·</strong></span> <span class='ocrx_word' id='word_1_223' title='bbox 1958 3398 2207 3447; x_wconf 88' lang='lat' dir='ltr'><strong>Scinditur</strong></span> <span class='ocrx_word' id='word_1_224' title='bbox 2240 3414 2397 3463; x_wconf 87' lang='lat' dir='ltr'><strong>usque</strong></span> 
     </span>
     <span class='ocr_line' id='line_1_33' title="bbox 407 3476 1963 3555; baseline 0.003 -32"><span class='ocrx_word' id='word_1_225' title='bbox 407 3476 533 3525; x_wconf 90' lang='lat' dir='ltr'><strong>adeo</strong></span> <span class='ocrx_word' id='word_1_226' title='bbox 562 3478 684 3525; x_wconf 87' lang='lat' dir='ltr'><strong>haec</strong></span> <span class='ocrx_word' id='word_1_227' title='bbox 706 3478 752 3525; x_wconf 91' lang='lat' dir='ltr'><em>L</em></span> <span class='ocrx_word' id='word_1_228' title='bbox 971 3490 1063 3538; x_wconf 85' lang='lat'><strong>544</strong></span> <span class='ocrx_word' id='word_1_229' title='bbox 1131 3492 1219 3539; x_wconf 87' lang='lat' dir='ltr'><strong>per</strong></span> <span class='ocrx_word' id='word_1_230' title='bbox 1249 3477 1413 3537; x_wconf 85' lang='lat' dir='ltr'><strong>auras]</strong></span> <span class='ocrx_word' id='word_1_231' title='bbox 1448 3478 1485 3524; x_wconf 94' lang='lat' dir='ltr'><em>I</em></span> <span class='ocrx_word' id='word_1_232' title='bbox 1496 3485 1697 3555; x_wconf 44' lang='lat' dir='ltr'><strong>propos-e</strong></span> <span class='ocrx_word' id='word_1_233' title='bbox 1719 3493 1809 3546; x_wconf 85' lang='lat' dir='ltr'><strong>per</strong></span> <span class='ocrx_word' id='word_1_234' title='bbox 1830 3486 1963 3528; x_wconf 82' lang='lat' dir='ltr'><strong>artus</strong></span> 
     </span>
    </p>
   </div>
  </div>
 </body>
</html>
