2684 3867
401 226 481 289 34
1056 215 1116 265 T.
1167 216 1491 267 LUCRETI
1539 216 1713 265 CARI

399 370 532 427 Nec
570 366 732 425 videt
772 362 995 423 interea
1035 361 1137 438 qui
1180 364 1465 422 terminus
1508 381 1637 422 esse
1680 363 1969 421 malorum
2235 379 2388 418 1020

398 460 609 534 Possit,
651 478 764 519 nec
805 476 958 534 quae
1001 457 1075 518 sit
1115 477 1445 535 poenarum
1488 457 1747 535 denique
1789 458 1938 530 finis,

399 562 596 635 Atque
639 557 847 617 eadem
891 554 1098 615 metuit
1139 555 1326 632 magis
1369 557 1517 615 haec
1557 574 1635 615 ne
1676 555 1738 614 in
1788 567 1978 616 morte
2027 562 2385 632 gravescant.

403 654 523 714 Hic
564 650 891 713 Acherusia
931 652 996 711 fit
1038 653 1352 712 stultorum
1396 651 1654 727 denique
1697 651 1831 711 vita.

483 755 626 811 Hoc
667 750 846 811 etiam
888 748 997 810 tibi
1037 760 1164 809 tute
1206 749 1505 810 interdum
1549 749 1745 809 dicere
1786 748 2015 826 possis:

405 847 692 908 ‘Lumina
733 846 810 907 sis
854 846 1041 907 oculis
1083 846 1260 907 etiarn
1304 848 1499 905 bonus
1542 847 1730 906 Ancu'
1773 845 2023 922 reliquit,
2242 863 2387 918 1025

405 947 524 1023 Qui
564 944 772 1003 melior
811 943 1009 1004 multis
1051 963 1231 1021 quam
1275 955 1338 1003 tu
1381 943 1503 1014 fuit,
1550 942 1835 1025 improbe,
1882 944 2068 1004 rebus·

407 1040 559 1099 Inde
600 1037 698 1097 alii
740 1039 910 1099 multi
952 1058 1118 1115 reges
1160 1056 1471 1113 rerumque
1514 1047 1788 1113 potentes

407 1133 786 1205 Occiderunt,
830 1131 1060 1210 magnis
1102 1131 1203 1209 qui
1245 1131 1524 1209 gentibus
1567 1132 1989 1208 imperitarunt.

407 1232 519 1291 Ille
560 1250 801 1307 quoque
845 1232 994 1307 ipse,
1038 1228 1192 1288 viam
1232 1229 1335 1305 qui
1378 1231 1680 1305 quondam
1725 1249 1832 1307 per
1872 1249 2033 1289 mare
2076 1249 2356 1306 magnum

407 1325 619 1386 Stravit
660 1325 887 1403 iterque
929 1325 1097 1385 dedit
1138 1324 1467 1402 legionibus
1510 1325 1591 1385 ire
1632 1344 1739 1402 per
1780 1328 1962 1385 altum
2244 1345 2396 1401 ¹030

405 1426 496 1481 Ac
537 1422 793 1498 pedibus
835 1423 1017 1481 salsas
1058 1421 1264 1482 docuit
1305 1440 1484 1498 super
1524 1420 1609 1481 ire
1651 1423 1898 1481 lucunas

409 1523 487 1580 Et
527 1519 884 1596 contempsit
929 1517 1095 1595 equis
1138 1518 1425 1577 insultans
1466 1538 1765 1578 murmura
1804 1518 1993 1594 ponti,

409 1616 660 1676 Lumine
703 1617 985 1693 adempto
1026 1613 1285 1674 animam
1328 1614 1684 1675 moribundo
1725 1634 1971 1692 corpore
2016 1614 2181 1675 fudit.

406 1712 726 1790 ScipiadaS,
771 1711 913 1771 belli
954 1712 1198 1781 fulmen,
1243 1709 1618 1787 Carthaginis
1660 1713 1881 1783 horror,

409 1811 562 1870 Ossa
604 1810 771 1869 dedit
812 1820 997 1868 terrae
1038 1807 1289 1883 proinde
1332 1827 1404 1866 ac
1444 1808 1627 1866 famul
1668 1807 1904 1867 infimus
1947 1818 2117 1868 esset.
2245 1824 2393 1884 1035

407 1906 584 1965 Adde
625 1915 949 1981 repertores
993 1904 1391 1963 doctrinarum
1436 1914 1618 1981 atque
1661 1905 1946 1981 leporum,

409 2003 586 2063 Adde
631 2000 1094 2061 Heliconiadum
1137 2000 1387 2060 comites
1406 2022 1423 2074 3
1469 2020 1719 2077 quorum
1759 2021 1912 2061 unus
1956 2004 2260 2062 Homerus

409 2102 652 2175 Sceptra
691 2098 912 2175 potitus
955 2099 1168 2158 eadem
1209 2097 1336 2157 aliis
1381 2097 1598 2174 sopitu'
1641 2097 1911 2174 quietest.

411 2194 686 2271 Denique
732 2188 1140 2254 Democritum
1183 2206 1500 2271 postquam
1551 2206 1779 2254 matura
1821 2205 2080 2254 vetustas

411 2287 740 2349 Admonuit
783 2307 1076 2348 memores
1118 2301 1314 2348 motus
1357 2290 1737 2364 languescere
1780 2290 2013 2360 mentiS,
2250 2308 2402 2360 1040

409 2390 633 2463 Sponte
674 2405 781 2445 sua
822 2387 942 2445 leto
984 2396 1165 2462 caput
1207 2386 1418 2445 obvius
1461 2385 1673 2462 optulit
1717 2385 1863 2461 ipse.

415 2485 553 2559 Ipse
597 2484 923 2542 Efficimus
964 2482 1093 2542 obit
1133 2483 1387 2541 decurso
1430 2481 1652 2542 lumine
1696 2483 1867 2553 vitae,

413 2579 534 2655 Qui
573 2596 762 2656 genus
803 2580 1129 2638 humanum
1172 2578 1412 2654 ingenio
1456 2578 1752 2654 superavit
1793 2588 1850 2637 et
1892 2576 2085 2637 omnis

413 2676 706 2737 Restinxit
749 2678 963 2748 stellaS‚
1008 2688 1243 2734 exortus
1289 2688 1354 2734 ut
1396 2674 1689 2735 aetherius
1733 2677 1836 2735 sol.

411 2777 506 2833 Tu
546 2792 686 2833 vero
727 2771 1027 2831 dubitabis
1066 2783 1125 2832 et
1167 2772 1548 2849 indignabere
1590 2770 1799 2833 obire?
2248 2791 2399 2849 1045

415 2872 656 2929 Mortua
697 2865 794 2927 cui
833 2866 953 2926 vita
994 2880 1082 2928 est
1126 2888 1310 2945 prope
1353 2869 1471 2927 iam
1511 2868 1646 2928 vivo
1688 2878 1867 2943 atque
1906 2867 2147 2939 videnti,

414 2966 534 3042 Qui
575 2984 788 3025 somno
830 2978 1059 3041 partem
1103 2964 1389 3024 maiorem
1430 2963 1687 3024 conteris
1728 2964 1858 3024 aevi

415 3066 492 3122 Et
533 3062 781 3139 vigilans
823 3061 1015 3121 stertis
1058 3081 1170 3121 nec
1212 3062 1445 3121 somnia
1487 3080 1724 3121 cernere
1767 3079 1981 3132 cessaS,

413 3158 853 3231 Sollicitamque
895 3158 1045 3235 geris
1086 3177 1254 3217 cassa
1295 3158 1611 3219 formidine
1652 3169 1915 3217 mentem

416 3257 546 3314 Nec
586 3252 839 3328 reperire
881 3265 1050 3329 potes
1093 3254 1200 3315 tibi
1241 3254 1387 3330 quid
1429 3253 1503 3313 sit
1543 3272 1721 3330 saepe
1764 3252 1921 3323 mali,
1966 3272 2101 3312 cum
2254 3275 2415 3333 1050

422 3348 631 3406 Ebrius
673 3350 892 3425 urgeris
934 3350 1132 3409 multis
1174 3352 1353 3411 miser
1394 3353 1657 3428 undique
1698 3350 1850 3410 curis

928 3477 1043 3523 1031
1115 3478 1260 3527 super
1281 3464 1353 3513 ire
1376 3466 1567 3520 MSS.,.·
1598 3480 1827 3529 superare
1849 3466 1919 3514 M
