2684 3867
431 234 466 279 2
1096 231 1157 279 T.
1206 230 1533 280 LUCRETI
1580 230 1754 280 CARI
1858 210 1863 215 “

429 382 767 455 Aspergunt
809 397 1004 453 neque
1045 377 1145 436 nix
1187 377 1306 440 acri
1350 389 1629 438 concreta
1669 377 1878 455 pruina

432 478 600 537 Cana
639 476 863 535 cadens
903 474 1099 545 violat,
1147 493 1497 550 semperque
1540 474 1841 534 innubilus
1882 475 2084 535 aether

433 570 668 648 Integit,
713 584 772 631 et
813 572 972 647 large
1015 570 1229 630 diffuso
1272 570 1495 629 lumine
1538 570 1705 630 ridet.

433 667 652 729 Omnia
693 666 1034 745 suppeditat
1075 687 1252 744 porro
1295 679 1523 740 natura,
1569 686 1762 743 neque
1807 670 1926 728 ulla

435 768 557 825 Res
600 764 783 825 animi
826 784 1035 841 pacem
1079 765 1302 825 delibat
1345 776 1612 841 tempore
1652 764 1715 823 in
1758 767 1896 833 ullo,

433 866 512 923 At
555 874 759 923 contra
803 883 1093 939 nusquam
1136 873 1423 940 apparent
1468 861 1790 921 Acherusia
1832 866 2069 940 templa,

435 963 565 1021 Nec
607 963 780 1021 tellus
823 962 1021 1020 obstat
1063 959 1208 1035 quin
1251 958 1455 1018 omnia
1495 957 1897 1035 dispiciantur,

434 1060 554 1119 Sub
597 1058 850 1135 pedibus
894 1076 1306 1143 quaecumque
1349 1057 1497 1115 infra
1537 1076 1641 1132 per
1682 1055 1859 1118 inane
1898 1071 2191 1136 geruntur.

437 1158 550 1218 His
591 1158 672 1218 ibi
714 1178 811 1218 me
853 1159 1026 1217 rebus
1069 1158 1365 1233 quaedam
1409 1156 1610 1216 divina
1650 1159 1922 1234 voluptas

436 1256 686 1332 Percipit
727 1267 904 1331 atque
946 1256 1166 1328 horror,
1213 1255 1377 1330 quod
1421 1253 1507 1313 sic
1548 1266 1756 1314 natura
1798 1268 1897 1315 tua
1938 1256 1995 1315 vi

432 1356 585 1414 Tam
627 1352 938 1413 manifesta
981 1363 1192 1429 patens
1235 1372 1307 1412 ex
1350 1353 1515 1411 omni
1558 1364 1722 1429 parte
1762 1364 1984 1415 retecta
2025 1366 2129 1415 est.

514 1454 590 1510 Et
631 1448 912 1527 quoniam
958 1447 1150 1519 docui,
1196 1463 1541 1508 cunctarum
1586 1451 1825 1509 exordia
1866 1471 2058 1511 rerum

435 1548 650 1625 Qualia
693 1548 826 1619 sint,
871 1558 930 1607 et
973 1567 1152 1623 quam
1195 1547 1368 1606 variis
1412 1548 1692 1608 distantia
1732 1550 1933 1609 formis

434 1652 659 1723 Sponte
701 1666 807 1706 sua
847 1648 1096 1705 volitent
1138 1656 1380 1704 aeterno
1421 1645 1645 1720 percita
1688 1657 1871 1719 motu,

436 1748 647 1821 Quove
687 1746 874 1803 modo
914 1743 1146 1819 possint
1187 1762 1280 1802 res
1321 1762 1395 1802 ex
1435 1741 1524 1801 his
1568 1762 1838 1819 quaeque
1881 1744 2079 1816 creari,

437 1847 640 1904 Hasce
681 1842 1011 1902 secundum
1056 1860 1146 1900 res
1187 1839 1372 1899 animi
1415 1852 1623 1899 natura
1665 1840 1897 1901 videtur

435 1944 633 2016 Atque
672 1938 905 1998 animae
948 1939 1226 1997 claranda
1269 1937 1418 1996 meis
1455 1938 1573 1996 iarn
1617 1939 1880 2000 versibus
1922 1960 2067 2016 esse,

437 2039 514 2095 Et
555 2048 748 2095 metus
790 2036 889 2095 ille
929 2036 1084 2095 foras
1126 2053 1410 2111 praeceps
1452 2036 1810 2095 Acheruntis
1852 2039 2131 2113 agenduS,

436 2132 728 2192 Funditus
769 2133 1093 2191 humanam
1135 2131 1236 2208 qui
1281 2131 1462 2190 vitam
1506 2133 1701 2191 turbat
1742 2134 1817 2192 ab
1860 2134 1981 2193 imo

437 2230 655 2288 Omnia
697 2230 1043 2287 suffundens
1086 2225 1291 2287 mortis
1332 2224 1581 2305 nigrore,
1628 2247 1823 2304 neque
1864 2230 2043 2288 ullam

437 2328 584 2386 Esse
626 2328 993 2403 voluptatem
1035 2324 1324 2402 liquidam
1367 2345 1692 2402 puramque
1734 2325 2024 2402 relinquit.

2347 400 2421 438 20

2345 1376 2421 1431 30

2346 1862 2419 1921 35

2348 2350 2425 2401 40

436 2426 594 2484 Nam
637 2424 799 2500 quod
841 2443 1021 2500 saepe
1061 2424 1334 2483 homines
1377 2424 1617 2483 morbos
1659 2423 1844 2500 magis
1885 2443 2016 2483 esse
2060 2424 2357 2486 timendos

439 2523 851 2597 Infamemque
893 2522 1087 2581 ferunt
1129 2519 1310 2579 vitam
1353 2539 1532 2596 quam
1574 2522 1824 2580 Tartara
1862 2518 2012 2591 Leti,

439 2619 516 2675 Et
557 2635 620 2676 se
663 2617 811 2677 scire
851 2616 1086 2677 animae
1129 2627 1397 2675 naturam
1441 2614 1738 2693 sanguinis
1780 2634 1910 2675 esse

440 2716 560 2771 Aut
600 2712 778 2772 etiam
821 2713 1002 2786 venti,
1045 2715 1092 2772 si
1135 2714 1245 2771 fert
1287 2712 1369 2770 ita
1410 2713 1561 2772 forte
1601 2713 1890 2783 voluntaS,

438 2813 496 2871 Ν
500 2829 570 2870 ec
609 2830 876 2886 prorsum
920 2810 1236 2888 quicquam
1281 2820 1517 2868 nostrae
1560 2807 1802 2868 rationis
1846 2828 2035 2885 egere,

440 2908 605 2967 Hinc
646 2908 782 2967 licet
825 2908 1095 2967 advertas
1137 2905 1631 2983 animum-magis
1672 2907 1873 2967 omnia
1916 2909 2105 2968 laudis

438 3006 652 3065 Iactari
694 3023 871 3063 causa
913 3023 1093 3079 quam
1136 3004 1300 3079 quod
1342 3023 1435 3063 res
1477 3002 1608 3079 ipsa
1648 3005 1946 3079 probetur.

439 3103 712 3161 Extorres
755 3100 914 3159 idem
957 3098 1149 3177 patria
1189 3101 1485 3177 longeque
1525 3100 1707 3177 fugati

440 3200 783 3273 Conspectu
827 3217 900 3255 ex
940 3196 1266 3269 hominum,
1312 3197 1532 3257 foedati
1576 3197 1821 3259 crimine
1864 3199 2036 3277 turpi,

440 3292 733 3353 Omnibus
774 3292 1068 3353 aerumnis
1107 3294 1325 3353 adfecti
1369 3293 1643 3369 denique,
1686 3295 1905 3366 vivunt,

440 3386 517 3442 Et
560 3403 941 3462 quocumque
983 3396 1184 3445 tamen
1229 3384 1424 3445 miseri
1467 3405 1678 3447 venere
1721 3399 2031 3464 parentant

1041 3516 1100 3550 22
1169 3500 1296 3549 ridet
1319 3500 1475 3550 MSS.
1490 3517 1517 3548 .·
1542 3500 1705 3551 rident
1725 3502 1842 3550 LM

2352 2832 2425 2891 45

2354 3319 2431 3378 50
