2684 3867
437 161 512 219 18
1093 169 1156 217 T.
1203 168 1527 218 LUCRETI
1572 169 1747 217 CARI

429 311 814 388 Ancipitique
855 312 1106 373 refutatu
1145 312 1499 371 convincere
1540 312 1767 369 salsum.
2297 327 2369 385 52
2380 327 2410 384 5

509 412 590 469 Et
625 409 908 485 quoniam
941 429 1110 469 mens
1145 420 1235 467 est
1267 408 1525 467 hominis
1546 427 1697 484 «pars
1730 428 1865 479 una,
1900 410 2038 467 loco
2070 428 2227 483 quae
2296 412 2414 484 548

430 507 576 566 Fixa
616 518 818 566 manet
857 518 1038 575 certe,
1081 507 1244 564 velut
1283 524 1455 563 aures
1496 518 1677 580 atque
1718 506 1877 563 oculi
1916 516 2055 564 sunt

429 610 630 681 Atque
668 604 768 662 alii
807 623 1033 673 sensuS,
1077 602 1178 678 qui
1220 602 1401 660 vitam
1441 622 1699 677 cumque
1736 604 2085 677 gubernant,
2300 620 2417 679 550

433 704 510 759 Et
549 700 732 759 veluti
772 718 982 757 manus
1022 709 1204 773 atque
1243 701 1453 757 oculus
1492 718 1736 758 naresve
1776 719 2041 758 seorsum

431 801 668 858 Secreta
706 797 784 855 ab
826 796 1000 853 nobis
1041 806 1347 870 nequeunt
1386 794 1601 854 sentire
1642 815 1836 871 neque
1874 815 2025 868 esse,

433 894 552 953 Sed
593 904 794 951 tamen
835 892 895 950 in
937 911 1120 967 parvo
1161 892 1464 966 liquuntur
1502 904 1772 968 tempore
1814 895 1971 965 tabe,

431 992 528 1049 Sic
567 990 801 1047 animus
842 1008 952 1065 per
990 1007 1054 1047 se
1095 1006 1215 1045 non
1259 989 1387 1063 quit
1428 988 1555 1047 sine
1595 1009 1845 1065 corpore
1886 1002 1945 1049 et
1986 990 2121 1065 ipso

432 1090 578 1147 Esse
617 1086 878 1156 homine,
919 1085 1075 1144 illius
1117 1086 1284 1160 quasi
1327 1088 1491 1160 quod
1532 1105 1636 1145 vas
1676 1106 1807 1146 esse
1846 1086 2095 1160 videtur,
2301 1106 2417 1165 555

431 1186 564 1244 Sive
601 1183 762 1242 aliud
804 1182 946 1258 quid
987 1181 1076 1239 vis
1115 1182 1313 1258 potius
1352 1182 1727 1241 coniunctius
1768 1182 1823 1241 ei

435 1276 698 1353 Fingere,
741 1274 1228 1350 quandoquidem
1268 1294 1499 1334 conexu
1542 1295 1759 1352 corpus
1798 1279 2095 1337 adhaeret.

509 1372 788 1448 Denique
827 1373 1090 1447 corporis
1130 1384 1310 1446 atque
1351 1372 1533 1431 animi
1574 1374 1769 1431 vivata
1808 1386 2071 1450 potestas

433 1474 598 1530 Inter
634 1490 700 1530 se
739 1469 1060 1529 coniuncta
1098 1471 1296 1528 valent
1338 1469 1577 1545 vitaque
1617 1471 1885 1531 fruuntur
1898 1493 1919 1545 ;

431 1569 562 1627 Nec
601 1566 728 1626 sine
768 1586 1016 1643 corpore
1058 1566 1216 1625 enim
1257 1566 1449 1625 vitalis
1491 1568 1668 1627 edere
1710 1581 1905 1629 motus
2302 1574 2427 1647 560

430 1665 568 1723 Sola
605 1675 806 1741 potest
847 1662 1030 1722 animi
1070 1681 1178 1738 per
1217 1680 1282 1720 se
1321 1674 1548 1733 natura,
1590 1683 1706 1722 nec
1743 1677 1947 1723 autem

433 1763 683 1822 Cassum
724 1760 922 1819 anima
961 1777 1179 1833 corpus
1221 1760 1433 1818 durare
1474 1771 1535 1818 et
1576 1760 1847 1820 sensibus
1888 1763 1990 1820 uti.

431 1858 667 1918 Scilicet
707 1859 942 1917 avolsus
983 1854 1282 1914 radicibus
1323 1868 1387 1914 ut
1429 1856 1633 1931 nequit
1674 1860 1857 1917 ullam

435 1954 740 2031 Dispicere
779 1955 910 2029 ipse
951 1954 1158 2011 oculus
1199 1972 1324 2012 rem
1368 1972 1629 2011 seorsum
1672 1974 1921 2031 corpore
1964 1968 2111 2030 t0t0‚

432 2052 532 2111 Sic
569 2050 766 2109 anima
807 2060 986 2124 atque
1025 2048 1257 2107 animus
1297 2068 1403 2125 per
1443 2068 1506 2108 se
1546 2049 1631 2108 nil
1672 2070 1851 2127 posse
1893 2053 2141 2112 videtur.
2308 2059 2427 2131 565

433 2148 728 2208 Nimirum
769 2147 910 2224 quia
950 2167 1059 2224 per
1097 2168 1278 2208 venas
1320 2160 1381 2207 et
1422 2148 1646 2209 viscera
1688 2150 1933 2222 mixtim,
1982 2164 1987 2167 “

431 2248 547 2305 Per
583 2264 795 2304 nervos
835 2256 1018 2321 atque
1059 2264 1210 2316 ossa,
1255 2256 1532 2304 tenentur
1569 2264 1819 2321 corpore
1858 2249 1935 2306 ab
1976 2247 2160 2315 omni,

433 2343 564 2401 Nec
605 2340 834 2417 magnis
874 2340 1193 2399 intervallis
1234 2340 1553 2416 primordia
1593 2354 1843 2418 possunt

433 2438 648 2498 Libera
686 2438 1014 2509 dissultare,
1057 2434 1194 2497 ideo
1235 2439 1521 2497 conclusa
1564 2450 1875 2498 moventur
1944 2478 1951 2485 -

433 2534 755 2594 Sensiferos
797 2544 1012 2603 motus,
1055 2550 1205 2607 quos
1247 2544 1409 2591 extra
1448 2552 1666 2608 corpus
1707 2533 1771 2591 in
1811 2552 2005 2593 auras·
2310 2557 2441 2615 570

433 2631 606 2693 Aeris
647 2632 810 2690 haud
849 2640 1098 2707 possunt
1139 2642 1274 2706 post
1315 2641 1567 2690 mortem
1610 2630 1799 2691 eiecta
1838 2632 2080 2703 moveri,

435 2733 756 2805 Propterea
793 2727 934 2801 quia
975 2746 1098 2787 non
1139 2726 1314 2785 simili
1357 2726 1583 2787 ratione
1624 2738 1916 2788 tenentur.

437 2828 667 2901 Corpus
711 2823 870 2883 enim
911 2832 1090 2897 atque
1130 2822 1401 2881 animans
1442 2821 1549 2882 erit
1591 2842 1708 2894 aer,
1752 2823 1802 2883 si
1843 2824 2122 2886 cohibere

437 2925 578 2981 Sese
619 2920 819 2978 anima
859 2931 1038 2995 atque
1081 2918 1140 2977 in
1184 2939 1258 2979 eo
1301 2918 1517 2995 poterit
1559 2921 1915 2981 concludere
1959 2937 2173 2994 motuS,

439 3024 609 3095 Quos
648 3030 789 3078 ante
829 3016 890 3075 in
931 3016 1122 3075 nervis
1165 3030 1223 3075 et
1265 3016 1327 3074 in
1369 3016 1500 3091 ipso
1543 3035 1789 3092 corpore
1829 3020 2059 3094 agebat.
2314 3044 2443 3105 575

443 3116 605 3189 Quin
647 3115 826 3172 etiam
867 3112 1002 3171 finis
1045 3114 1189 3171 dum
1231 3111 1387 3170 vitae
1429 3112 1668 3171 vertitur
1709 3114 1877 3186 intra,
2323 3142 2449 3201 592

543 3304 798 3370 592—606
830 3320 918 3351 are
933 3304 1107 3365 placed
1131 3304 1243 3350 here
1271 3303 1331 3365 by
1368 3305 1446 3360 Μ,
1480 3305 1613 3369 aster
1646 3320 1741 3371 579
1771 3308 1831 3365 by
1866 3309 2055 3367 Christ,
2088 3312 2221 3377 aster
2252 3315 2355 3381 614
2390 3321 2461 3385 by

451 3387 696 3435 Giussani
