2684 3867
370 206 453 268 24
1033 203 1094 252 T.
1143 202 1467 253 LUCRETI
1516 202 1688 251 CARI

371 350 716 422 Particulae,
762 349 976 425 quibus
1017 350 1165 408 haec
1207 346 1393 407 animi
1433 358 1640 407 natura
1682 359 1925 421 creatur,
1988 359 2001 372 ·

371 450 540 523 Quae
582 467 741 507 nunc
783 447 845 505 in
887 457 1091 507 nostro
1131 445 1472 506 dominatur
1512 465 1776 522 corpore,
1822 458 1963 506 nata

373 547 462 603 Ex
501 545 602 604 illa
641 563 794 621 quae
837 555 962 603 tum
1005 543 1178 620 periit
1221 542 1436 619 partita
1476 563 1581 621 per
1623 554 1796 603 artus.
2244 562 2357 620 710

373 644 749 719 Quapropter
788 659 983 717 neque
1023 638 1206 698 natali
1246 640 1471 715 privata
1512 640 1742 700 videtur

373 741 521 799 Esse
562 739 660 798 die
701 748 910 797 natura
951 736 1184 796 animae
1227 756 1338 796 nec
1381 738 1603 797 funeris
1647 757 1869 814 expers.

453 836 692 895 Semina
731 845 1033 910 praeterea
1073 831 1417 909 linquuntur
1458 852 1650 893 necne
1692 833 1910 893 animai

374 933 634 1009 Corpore
677 933 738 991 in
781 930 1098 991 exanimo?
1146 930 1310 1006 quod
1352 930 1399 988 si
1442 929 1788 1006 linquuntur
1828 941 1887 990 et
1929 930 2145 1003 insunt,

379 1030 562 1089 Haud
603 1028 710 1088 erit
758 1038 823 1086 ut
865 1026 1076 1085 merito
1116 1025 1443 1085 inmortalis
1485 1025 1674 1102 possit
1715 1026 1938 1099 haberi,
2244 1044 2353 1103 715

376 1124 643 1185 Partibus
683 1123 912 1183 amissis
955 1123 1238 1200 quoniam
1279 1123 1460 1183 libata
1501 1123 1757 1184 recessit.

375 1222 476 1281 Sin
517 1221 598 1280 ita
638 1220 876 1281 sinceris
918 1220 1197 1280 membris
1236 1222 1436 1280 ablata
1475 1221 1732 1299 profugit

374 1319 461 1379 Ut
502 1318 691 1376 nullas
732 1316 911 1394 partis
952 1314 1016 1375 in
1057 1334 1303 1392 corpore
1345 1315 1580 1392 liquerit
1622 1337 1695 1377 ex
1737 1336 1819 1390 se,

375 1415 555 1475 Unde
595 1415 881 1473 cadavera
921 1411 1185 1472 rancenti
1226 1412 1343 1472 iam
1385 1413 1609 1474 viscere
1649 1433 1878 1475 vermes

376 1511 675 1588 Expirant,
719 1522 897 1587 atque
939 1511 1096 1570 unde
1138 1510 1505 1569 animantum
1548 1511 1724 1587 copia
1766 1523 1929 1570 tanta
2244 1529 2359 1585 7²0

375 1610 532 1667 Exos
575 1619 634 1667 et
675 1604 983 1682 exsanguis
1025 1606 1284 1666 tumidos
1327 1596 1675 1683 perfluctuat
1718 1610 1919 1667 artus?

375 1704 556 1780 Quod
597 1704 645 1763 si
687 1706 834 1763 forte
876 1704 1101 1762 animas
1144 1702 1506 1764 extrinsecus
1548 1703 1831 1763 insinuari

372 1800 690 1861 Vermibus
733 1812 792 1860 et
832 1800 1025 1877 privas
1067 1799 1127 1858 in
1170 1819 1420 1875 corpora
1462 1819 1637 1876 posse
1679 1800 1878 1862 venire

311 1901 318 1910 '
374 1897 599 1969 Credis,
644 1917 756 1957 nec
797 1908 1036 1973 reputas
1079 1916 1182 1956 cur
1225 1895 1385 1956 milia
1426 1899 1615 1956 multa
1654 1898 1981 1959 animarum

373 1994 749 2054 Conveniant
791 1994 951 2053 unde
993 2013 1112 2052 una
1152 1992 1471 2065 recesserit,
1517 1995 1633 2053 hoc
1676 2006 1874 2055 tamen
1918 2008 2007 2055 est
2049 2008 2115 2055 ut
2243 2014 2313 2068 7²
2322 2015 2355 2072 5

373 2091 795 2164 Quaerendum
838 2089 1104 2149 videatur
1145 2101 1204 2149 et
1247 2089 1309 2149 in
1354 2089 1669 2150 discrimen
1712 2094 2028 2168 agendum,

373 2190 591 2248 Utrum
636 2189 876 2247 tandem
917 2186 1151 2246 animae
1192 2198 1482 2247 venentur
1524 2187 1751 2246 semina
1792 2207 2065 2265 quaeque

371 2282 860 2354 Vermiculorum‚
905 2283 1185 2359 ipsaeque
1228 2284 1341 2342 sibi
1382 2284 1739 2361 fabricentur
1778 2285 1882 2345 ubi
1922 2284 2056 2355 sint,

373 2383 470 2437 An
513 2378 682 2453 quasi
725 2380 1071 2455 corporibus
1113 2380 1389 2456 perfectis
1431 2380 1817 2440 insinuentur.

370 2479 451 2535 At
493 2495 687 2551 neque
729 2494 832 2534 cur
869 2475 1088 2535 faciant
1130 2476 1295 2551 ipsae
1337 2494 1593 2551 quareve
1634 2478 1923 2549 laborent,
2242 2494 2361 2553 730

374 2573 587 2633 Dicere
615 2570 966 2649 suppeditat.
1044 2574 1256 2648 Neque
1285 2573 1464 2645 enim,
1498 2572 1623 2632 sine
1655 2592 1899 2649 corpore
1926 2592 2062 2632 cum
2094 2586 2247 2645 sunt,

371 2671 666 2732 Sollicitae
707 2670 955 2729 volitant
997 2670 1218 2731 morbis
1261 2673 1517 2748 alguque
1563 2675 1854 2750 fameque.

369 2771 600 2845 Corpus
643 2766 802 2826 enim
843 2766 1027 2843 magis
1069 2767 1159 2826 his
1201 2766 1357 2827 vitiis
1398 2768 1598 2827 adfine
1641 2770 1885 2842 laborat,

372 2867 451 2924 Et
492 2865 646 2922 mala
687 2863 874 2921 multa
914 2861 1144 2922 animus
1186 2875 1442 2940 contage
1485 2865 1743 2939 fungitur
1787 2866 1927 2924 eiuS.

369 2962 489 3021 Sed
529 2973 730 3020 tamen
771 2960 862 3018 his
904 2971 1032 3019 esto
1075 2960 1341 3036 quamvis
1385 2963 1578 3020 facere
1622 2961 1763 3020 utile
1806 2981 2020 3037 corpus
2242 2982 2356 3041 735

371 3057 487 3117 Cui
528 3060 813 3126 subeant;
854 3066 914 3113 at
956 3075 1073 3132 qua
1113 3056 1342 3131 possint
1384 3056 1479 3115 via
1520 3059 1682 3116 nulla
1722 3058 1967 3118 videtur.

371 3155 558 3213 Haud
600 3153 775 3231 igitur
814 3153 1036 3213 faciunt
1077 3153 1311 3213 animae
1354 3155 1463 3216 sibi
1507 3176 1756 3232 corpora
1798 3169 1856 3216 et
1898 3170 2071 3217 artus,

371 3254 503 3311 Nec
545 3260 745 3308 tamen
786 3260 876 3309 est
918 3249 1088 3324 utqui
1129 3251 1406 3325 perfectis
1449 3252 1817 3312 insinuentur

467 3378 561 3442 736
625 3378 720 3428 Cui
743 3380 948 3426 subeant
971 3379 1230 3439 Bernays:
1263 3379 1392 3427 Cum
1416 3382 1621 3430 subeant
1646 3384 1822 3444 MSS„
1849 3386 1921 3433 sp!
2057 3388 2151 3448 738
2218 3394 2360 3449 utqui

368 3461 462 3507 M:
496 3466 548 3506 ut
571 3460 768 3521 quicum
794 3460 947 3507 MSS.

2637 831 2655 1120 *qu—-
