2684 3867
757 210 857 260 DE
904 211 1169 261 RERUM
1220 210 1533 261 NATURA
1579 212 1798 263 LIBER
1844 217 1947 267 111.
2266 224 2333 271 11

357 361 433 418 At
475 369 680 418 natura
721 359 904 418 boum
946 357 1184 434 placido
1227 360 1411 435 magis
1455 377 1588 418 aere
1632 358 1789 431 vivit,

355 452 487 511 Nec
525 451 700 510 nimis
741 451 845 510 irai
885 452 984 510 fax
1025 470 1307 527 umquam
1352 450 1589 510 subdita
1628 452 1813 527 percit

354 547 622 620 Fumida,
668 548 1013 608 suffundens
1055 567 1266 608 caecae
1310 546 1575 624 caliginis
1619 550 1839 621 umbra,

353 646 484 703 Nec
524 644 733 721 gelidis
774 655 968 720 torpet
1009 643 1142 703 telis
1183 645 1403 721 perfixa
1442 644 1711 720 pavoris:
2223 667 2336 724 305

353 742 517 801 Inter
558 753 840 817 utrosque
881 741 1061 813 sitast,
1108 760 1314 802 cervos
1356 761 1685 818 saevosque
1729 745 1947 805 leones,

350 837 445 896 Sic
487 836 795 897 hominum
837 856 1024 914 genus
1065 846 1170 897 est.
1259 836 1543 912 Quamvis
1585 838 1855 899 doctrina
1894 841 2110 917 politos
2185 838 2192 842 ’

351 934 688 995 Constituat
726 934 943 1010 pariter
983 935 1292 1011 quosdam,
1337 946 1539 994 tamen
1582 935 1683 993 illa
1726 935 2000 1012 relinquit

351 1032 609 1092 Naturae
650 1031 932 1107 cuiusque
974 1030 1158 1090 animi
1197 1031 1443 1108 vestigia
1486 1030 1692 1107 prima.

349 1130 406 1187 N
413 1148 480 1188 ec
519 1127 797 1188 radicitus
840 1126 1009 1188 evelli
1051 1130 1207 1188 mala
1248 1148 1426 1205 posse
1468 1130 1874 1206 putandumst,
2218 1151 2336 1206 310

349 1222 511 1299 Quin
555 1223 870 1300 proclivius
910 1225 1007 1284 hic
1048 1224 1162 1283 iras
1203 1226 1479 1284 decurrat
1522 1225 1597 1283 ad
1640 1226 1807 1300 acriS,

351 1323 461 1381 Ille
502 1332 663 1380 metu
705 1320 873 1380 citius
915 1322 1096 1397 paulo
1139 1332 1473 1398 temptetur,
1520 1331 1580 1380 at
1620 1320 1718 1382 ille

348 1401 580 1476 Tertius
621 1414 872 1492 accipiat
914 1418 1208 1492 quaedam
1250 1416 1601 1476 clementius
1643 1436 1852 1494 aequo·

353 1516 543 1591 Inque
585 1512 714 1571 aliis
756 1513 933 1572 rebus
975 1512 1174 1573 multis
1215 1513 1449 1574 differre
1492 1528 1791 1577 necessest

351 1614 604 1671 Naturas
643 1610 952 1670 hominum
991 1610 1178 1670 varias
1221 1630 1535 1687 moresque
1578 1611 1847 1688 sequacis
1865 1634 1883 1687 3
2215 1606 2339 1691 315⁰

350 1712 618 1785 Quorum
661 1728 772 1786 ego
814 1727 974 1768 nunc
1014 1728 1248 1785 nequeo
1290 1727 1499 1767 caecas
1542 1729 1837 1785 exponere
1880 1730 2104 1784 causas,

350 1809 483 1867 Nec
523 1805 774 1882 reperire
813 1807 1124 1881 figurarum
1166 1815 1257 1865 tot
1296 1805 1541 1865 nomina
1582 1818 1725 1883 quot
1767 1820 1903 1866 sunt

352 1902 677 1979 Principiis,
719 1903 880 1961 unde
923 1902 1070 1961 haec
1111 1900 1295 1961 oritur
1334 1901 1619 1960 variantia
1659 1921 1875 1961 rerum.·

351 2002 508 2059 Illud
549 1999 610 2057 in
651 1997 743 2057 his
784 1997 958 2056 rebus
998 1996 1204 2057 videor
1243 1998 1475 2057 firmare
1519 2008 1769 2072 potesse,

349 2095 558 2168 Usque
599 2091 751 2150 adeo
791 2101 1130 2148 naturarum
1171 2089 1418 2167 vestigia
1460 2089 1649 2166 linqui
2216 2114 2333 2169 3²0

350 2191 614 2261 Parvula,
657 2204 810 2262 quae
852 2198 1107 2263 nequeat
1149 2185 1294 2245 ratio
1337 2189 1632 2262 depellere
1674 2186 1862 2259 nobis,

353 2289 437 2347 Ut
477 2287 562 2345 nil
599 2284 864 2361 inpediat
905 2284 1144 2361 dignam
1187 2283 1281 2344 dis
1324 2286 1539 2361 degere
1582 2286 1775 2345 vitam.

431 2386 605 2442 Haec
645 2380 815 2457 igitur
853 2391 1062 2438 natura
1105 2390 1336 2439 tenetur
1378 2400 1627 2456 corpore
1668 2382 1745 2439 ab
1787 2381 1967 2454 omni,

351 2482 606 2557 Ipsaque
647 2476 906 2554 corporis
947 2486 1035 2536 est
1075 2487 1275 2535 custos
1319 2488 1379 2536 et
1420 2496 1600 2536 causa
1640 2477 1879 2551 salutis;

349 2578 508 2635 Nam
549 2573 964 2635 communibus
1006 2571 1160 2632 inter
1200 2591 1262 2631 se
1305 2572 1603 2633 radicibus
1645 2574 1906 2644 haerent,
2210 2596 2324 2653 325

350 2675 480 2734 Nec
521 2671 648 2733 sine
689 2670 950 2749 pernicie
992 2668 1192 2730 divelli
1235 2689 1415 2746 posse
1455 2670 1739 2729 videntur.

349 2772 528 2845 Quod
570 2789 757 2847 genus
798 2788 833 2828 e
873 2766 1059 2827 thuris
1101 2767 1325 2843 glaebis
1368 2768 1617 2827 evellere
1659 2769 1905 2829 odorem

350 2866 534 2926 Haud
577 2865 749 2925 facile
788 2877 877 2925 est
920 2864 1062 2940 quin
1103 2865 1353 2923 intereat
1394 2876 1604 2923 natura
1645 2883 1884 2941 quoque
1926 2864 2068 2939 eius,

347 2964 442 3024 Sic
483 2960 663 3022 animi
705 2972 882 3038 atque
923 2962 1156 3019 animae
1198 2971 1469 3020 naturam
1510 2978 1761 3037 corpore
1803 2970 1931 3020 toto

349 3061 664 3121 Extrahere
705 3058 867 3118 haud
909 3058 1080 3118 facile
1120 3067 1209 3117 est
1250 3059 1396 3133 quin
1438 3056 1640 3116 omnia
1679 3056 2090 3117 dissoluantur.
2210 3080 2327 3136 330

349 3158 610 3233 Inplexis
652 3155 734 3214 ita
777 3153 1079 3232 principiis
1122 3155 1199 3213 ab
1241 3153 1465 3230 origine
1510 3153 1698 3230 prima

351 3256 513 3312 Inter
553 3270 616 3311 se
658 3253 821 3320 fiunt,
866 3249 1125 3310 consorti
1166 3249 1431 3326 praedita
1471 3250 1606 3320 vita,

351 3352 484 3409 Nec
524 3348 635 3409 sibi
676 3365 947 3423 quaeque
987 3347 1114 3405 sine
1155 3345 1392 3405 alterius
1432 3347 1487 3405 vi
1531 3364 1708 3421 posse
1748 3346 1978 3406 videtur

349 3444 630 3523 Corporis
670 3456 849 3521 atque
889 3442 1072 3502 animi
1113 3460 1376 3501 seorsum
1418 3443 1634 3503 sentire
1671 3454 1950 3519 potesta5‚
