2684 3867
753 217 853 266 DE
901 216 1166 267 RERUM
1216 215 1529 266 NATURA
1576 216 1798 264 LIBER
1846 216 1950 265 111.
2272 218 2343 280 13

351 363 520 425 Ostia
561 363 890 441 suscipiunt
934 366 1119 423 ullum
1161 363 1393 423 reclusa
1434 364 1717 423 laborem.

351 465 660 522 Praeterea
701 462 749 521 si
791 481 898 539 pro
939 460 1164 523 foribus
1207 472 1343 521 sunt
1385 460 1611 520 lumina
1652 472 1869 533 nostra,

353 562 480 618 Iam
523 560 706 637 magis
749 559 1036 638 exemptis
1079 557 1266 618 oculis
1308 558 1527 618 debere
1570 556 1800 617 videtur

352 661 610 719 Cernere
651 678 741 719 res
784 658 1035 728 animuS,
1085 656 1330 716 sublatis
1372 656 1644 733 postibus
1686 656 1844 733 ipsis·

435 758 595 816 Illud
635 755 696 814 in
741 756 833 815 his
876 756 1050 815 rebus
1092 771 1470 828 nequaquam
1514 771 1747 812 sumere
1789 751 1999 827 possiS,
2232 769 2346 827 370

353 851 679 911 Democriti
719 851 887 927 quod
931 860 1134 909 sancta
1176 847 1280 907 viri
1324 846 1621 907 sententia
1660 849 1845 924 ponit,

353 949 629 1025 Corporis
671 960 852 1025 atque
894 946 1077 1006 animi
1117 942 1455 1021 primordia,
1503 944 1732 1021 singula
1772 944 1953 1020 privis

349 1047 658 1123 Adposita,
705 1044 941 1105 alternis
983 1042 1221 1116 variare,
1266 1060 1338 1099 ac
1380 1053 1617 1100 nectere
1660 1044 1943 1101 membra.

352 1142 508 1198 Nam
551 1159 686 1199 cum
728 1140 918 1199 multo
959 1148 1097 1197 sunt
1138 1136 1374 1196 animae
1416 1138 1711 1195 elementa
1753 1137 1982 1195 minora

351 1239 545 1312 Quam
590 1236 804 1314 quibus
847 1256 880 1296 e
921 1255 1137 1312 corpus
1181 1234 1356 1294 nobis
1398 1245 1457 1293 et
1499 1236 1722 1293 viscera
1762 1245 2058 1305 constant,
2224 1251 2337 1310 375

349 1337 505 1393 Turn
549 1352 797 1393 numero
840 1351 1082 1409 quoque
1124 1332 1465 1391 concedunt
1508 1343 1567 1390 et
1610 1350 1737 1389 rara
1778 1350 1882 1407 per
1924 1341 2081 1389 artus

353 1430 572 1489 Dissita
616 1439 770 1502 sunt,
817 1431 1121 1488 dumtaxat
1162 1439 1229 1487 ut
1271 1428 1389 1487 hoc
1430 1427 1773 1503 promittere
1818 1427 2034 1503 possiS,

350 1530 651 1603 Quantula
692 1526 882 1603 prima
923 1538 1144 1601 queant
1187 1524 1362 1585 nobis
1405 1524 1624 1584 iniecta
1664 1525 1820 1585 ciere

351 1628 618 1702 Corpora
659 1624 972 1684 sensiferos
1016 1634 1212 1682 motus
1253 1622 1314 1681 in
1358 1642 1623 1699 corpore,
1669 1634 1833 1682 tanta

352 1725 672 1783 Intervalla
714 1734 916 1782 tenere
958 1720 1200 1781 exordia
1242 1719 1435 1798 prima
1474 1719 1709 1779 animai.
2226 1724 2343 1795 380

352 1820 508 1877 Nam
549 1837 743 1893 neque
786 1815 1038 1892 pulveris
1080 1816 1379 1875 interdurn
1422 1816 1709 1875 sentimus
1752 1818 2078 1876 adhaesum

350 1916 630 1989 Corpore,
678 1933 792 1973 nec
834 1912 1114 1973 membris
1154 1912 1453 1973 incussam
1497 1912 1688 1973 sidere
1730 1925 1970 1985 cretam,

352 2012 481 2070 Nec
522 2012 799 2070 nebulam
843 2022 1024 2069 noctu
1066 2029 1263 2085 neque
1304 2009 1505 2069 aranei
1549 2009 1748 2070 tenvia
1790 2011 1890 2069 fila

350 2106 544 2168 Obvia
585 2108 888 2179 sentimuS,
934 2106 1178 2182 quando
1220 2104 1542 2164 obretimur
1582 2117 1810 2179 eunteS‚

351 2209 408 2264 N
413 2225 481 2266 ec
522 2224 736 2282 supera
775 2216 953 2281 caput
996 2205 1260 2263 eiusdem
1301 2202 1590 2263 cecidisse
1633 2204 1852 2263 vietam
2222 2208 2333 2281 385

253 2380 261 2389 ⁸
349 2304 611 2372 Vestem,
655 2321 768 2361 nec
810 2303 1041 2377 plumas
1083 2300 1278 2359 avium
1323 2319 1673 2377 papposque
1714 2303 1987 2373 volantiS,

351 2396 469 2473 Qui
511 2397 694 2457 nimia
733 2398 970 2458 levitate
1013 2398 1238 2457 cadunt
1278 2399 1631 2474 plerumque
1673 2399 1977 2476 gravatim,

352 2496 482 2554 Nec
520 2494 781 2570 repentis
821 2493 968 2553 itum
1010 2493 1524 2569 cuiusviscumque
1568 2493 1884 2553 animantis

349 2584 662 2664 SentimuS,
708 2611 822 2652 nec
863 2593 1028 2667 priva
1069 2593 1294 2667 pedum
1338 2591 1583 2667 vestigia
1624 2610 1914 2668 quaeque,

351 2690 615 2765 Corpore
655 2707 810 2765 quae
850 2689 912 2747 in
954 2698 1158 2749 nostro
1200 2688 1419 2749 culices
1462 2700 1523 2749 et
1565 2700 1761 2749 cetera
1802 2701 2052 2767 ponunt.
2228 2711 2343 2767 390

353 2788 559 2862 Usque
602 2787 772 2849 adeo,
797 2786 959 2864 prius
1001 2799 1090 2847 est
1131 2786 1191 2845 in
1237 2786 1414 2846 nobis
1455 2788 1643 2846 multa
1682 2786 1963 2846 ciendum

352 2886 550 2959 Quam
591 2884 914 2961 primordia
956 2884 1282 2943 sentiscant
1323 2903 1614 2944 concussa
1657 2884 1876 2942 animai

351 2980 606 3053 Semina,
653 2981 998 3058 corporibus
1039 2981 1254 3041 nostris
1297 2980 1547 3039 inmixta
1587 2999 1692 3056 per
1739 2996 1916 3054 artuS,

351 3080 430 3138 Et
471 3097 648 3155 quarn
692 3078 754 3137 in
796 3079 887 3137 his
930 3078 1248 3138 intervallis
1291 3076 1608 3137 tuditantia
1648 3078 1878 3156 possint

352 3176 717 3245 Concursare
761 3174 917 3235 coire
959 3186 1020 3234 et
1060 3176 1372 3234 dissultare
1413 3173 1687 3234 vicissim.
2226 3194 2340 3252 395

433 3273 509 3330 Et
530 3338 532 3341 y
552 3271 738 3349 magis
780 3283 868 3331 est
909 3271 1142 3331 animus
1185 3271 1324 3331 vitai
1366 3274 1621 3332 claustra
1663 3291 1945 3333 coercens

353 3370 430 3428 Et
472 3368 874 3429 dominantior
917 3370 992 3429 ad
1037 3368 1214 3429 vitam
1261 3388 1439 3445 quam
1484 3371 1571 3428 vis
1613 3370 1849 3429 animai.

355 3467 511 3525 Nam
553 3465 680 3525 sine
723 3477 921 3525 mente
964 3464 1284 3542 animoque
1326 3466 1534 3542 nequit
1576 3465 1830 3526 residere
1874 3486 1976 3543 per
2019 3478 2177 3527 artus
